%YAML 1.1
%TAG !u! tag:unity3d.com,2011:
--- !u!1 &2936494738144683772
GameObject:
  m_ObjectHideFlags: 0
  m_CorrespondingSourceObject: {fileID: 0}
  m_PrefabInstance: {fileID: 0}
  m_PrefabAsset: {fileID: 0}
  serializedVersion: 6
  m_Component:
  - component: {fileID: 2936494738144683775}
  - component: {fileID: 2936494738144683769}
  - component: {fileID: 2936494738144683774}
  - component: {fileID: 2936494738144683768}
  - component: {fileID: 3602389239265060962}
  m_Layer: 9
  m_Name: Spike 1
  m_TagString: Untagged
  m_Icon: {fileID: 0}
  m_NavMeshLayer: 0
  m_StaticEditorFlags: 0
  m_IsActive: 1
--- !u!4 &2936494738144683775
Transform:
  m_ObjectHideFlags: 0
  m_CorrespondingSourceObject: {fileID: 0}
  m_PrefabInstance: {fileID: 0}
  m_PrefabAsset: {fileID: 0}
  m_GameObject: {fileID: 2936494738144683772}
  m_LocalRotation: {x: 0, y: 0, z: 0, w: 1}
  m_LocalPosition: {x: 1.511, y: 0, z: 0}
  m_LocalScale: {x: 1, y: 1, z: 1}
  m_Children: []
  m_Father: {fileID: 0}
  m_RootOrder: 0
  m_LocalEulerAnglesHint: {x: 0, y: 0, z: 0}
--- !u!114 &2936494738144683769
MonoBehaviour:
  m_ObjectHideFlags: 0
  m_CorrespondingSourceObject: {fileID: 0}
  m_PrefabInstance: {fileID: 0}
  m_PrefabAsset: {fileID: 0}
  m_GameObject: {fileID: 2936494738144683772}
  m_Enabled: 1
  m_EditorHideFlags: 0
  m_Script: {fileID: 11500000, guid: bb846ca90c866ec468c41d353c69f2bb, type: 3}
  m_Name: 
  m_EditorClassIdentifier: 
  animationName: 
  sprites:
  - {fileID: 21300000, guid: c3d86d9de53a2b64fbf8a400a3205042, type: 3}
  - {fileID: 21300000, guid: db78827ae8dc39940a7a0abacf49ae05, type: 3}
  - {fileID: 21300000, guid: 1cd78157be4f72849b30f7bcaa8ac3e4, type: 3}
  - {fileID: 21300000, guid: efa97256c895db543be93e1e27a3e60d, type: 3}
  - {fileID: 21300000, guid: 385f3c84ae7c95b488fa7cf65faca8db, type: 3}
  - {fileID: 21300000, guid: 2c6f53f5fbce7d845828cbea1cb028a3, type: 3}
  - {fileID: 21300000, guid: 33e79870f9c71ef47846a0bea7213b59, type: 3}
  - {fileID: 21300000, guid: 6860ea42a3da1144a8e754a54719d720, type: 3}
  - {fileID: 21300000, guid: bfd9938335782d048a6442216f4275f3, type: 3}
  - {fileID: 21300000, guid: c5fc86be02ff13642b1a067f12c109e8, type: 3}
  - {fileID: 21300000, guid: a666d5dd280402e4d9bba1ef0901a39e, type: 3}
  - {fileID: 21300000, guid: 8059f04bd4b000946b2e82d04d7498ac, type: 3}
  - {fileID: 21300000, guid: e389398bf9e0e1d478c8c1f987ede930, type: 3}
  renderer: {fileID: 2936494738144683774}
  currentSprite: {fileID: 21300000, guid: c3d86d9de53a2b64fbf8a400a3205042, type: 3}
  duration: 1.3
  process: 0
--- !u!212 &2936494738144683774
SpriteRenderer:
  m_ObjectHideFlags: 0
  m_CorrespondingSourceObject: {fileID: 0}
  m_PrefabInstance: {fileID: 0}
  m_PrefabAsset: {fileID: 0}
  m_GameObject: {fileID: 2936494738144683772}
  m_Enabled: 1
  m_CastShadows: 0
  m_ReceiveShadows: 0
  m_DynamicOccludee: 1
  m_MotionVectors: 1
  m_LightProbeUsage: 1
  m_ReflectionProbeUsage: 1
  m_RayTracingMode: 0
  m_RayTraceProcedural: 0
  m_RenderingLayerMask: 1
  m_RendererPriority: 0
  m_Materials:
  - {fileID: 10754, guid: 0000000000000000f000000000000000, type: 0}
  m_StaticBatchInfo:
    firstSubMesh: 0
    subMeshCount: 0
  m_StaticBatchRoot: {fileID: 0}
  m_ProbeAnchor: {fileID: 0}
  m_LightProbeVolumeOverride: {fileID: 0}
  m_ScaleInLightmap: 1
  m_ReceiveGI: 1
  m_PreserveUVs: 0
  m_IgnoreNormalsForChartDetection: 0
  m_ImportantGI: 0
  m_StitchLightmapSeams: 1
  m_SelectedEditorRenderState: 0
  m_MinimumChartSize: 4
  m_AutoUVMaxDistance: 0.5
  m_AutoUVMaxAngle: 89
  m_LightmapParameters: {fileID: 0}
  m_SortingLayerID: 0
  m_SortingLayer: 0
  m_SortingOrder: 20
  m_Sprite: {fileID: 21300000, guid: 4895fb5288e5fa842a4056932eb6356b, type: 3}
  m_Color: {r: 1, g: 1, b: 1, a: 1}
  m_FlipX: 0
  m_FlipY: 0
  m_DrawMode: 0
  m_Size: {x: 1.28, y: 1.28}
  m_AdaptiveModeThreshold: 0.5
  m_SpriteTileMode: 0
  m_WasSpriteAssigned: 1
  m_MaskInteraction: 0
  m_SpriteSortPoint: 0
--- !u!114 &2936494738144683768
MonoBehaviour:
  m_ObjectHideFlags: 0
  m_CorrespondingSourceObject: {fileID: 0}
  m_PrefabInstance: {fileID: 0}
  m_PrefabAsset: {fileID: 0}
  m_GameObject: {fileID: 2936494738144683772}
  m_Enabled: 1
  m_EditorHideFlags: 0
  m_Script: {fileID: 11500000, guid: 2abd653ee91b9234990fc6eba8b4f76e, type: 3}
  m_Name: 
  m_EditorClassIdentifier: 
  spriteRend: {fileID: 2936494738144683774}
  animator: {fileID: 2936494738144683769}
  poolOwner:
    poolTransform: {fileID: 0}
    elements: []
    poolPrefab: {fileID: 0}
--- !u!61 &3602389239265060962
BoxCollider2D:
  m_ObjectHideFlags: 0
  m_CorrespondingSourceObject: {fileID: 0}
  m_PrefabInstance: {fileID: 0}
  m_PrefabAsset: {fileID: 0}
  m_GameObject: {fileID: 2936494738144683772}
  m_Enabled: 1
  m_Density: 1
  m_Material: {fileID: 0}
  m_IsTrigger: 1
  m_UsedByEffector: 0
  m_UsedByComposite: 0
  m_Offset: {x: 0, y: 0}
  m_SpriteTilingProperty:
    border: {x: 0, y: 0, z: 0, w: 0}
    pivot: {x: 0.5, y: 0.5}
    oldSize: {x: 1.28, y: 1.28}
    newSize: {x: 1.28, y: 1.28}
    adaptiveTilingThreshold: 0.5
    drawMode: 0
    adaptiveTiling: 0
  m_AutoTiling: 0
  serializedVersion: 2
  m_Size: {x: 1.28, y: 1.28}
  m_EdgeRadius: 0
