%YAML 1.1
%TAG !u! tag:unity3d.com,2011:
--- !u!1 &1549947489783594012
GameObject:
  m_ObjectHideFlags: 0
  m_CorrespondingSourceObject: {fileID: 0}
  m_PrefabInstance: {fileID: 0}
  m_PrefabAsset: {fileID: 0}
  serializedVersion: 6
  m_Component:
  - component: {fileID: 1549947489783594013}
  m_Layer: 5
  m_Name: Checkpoints
  m_TagString: Untagged
  m_Icon: {fileID: 0}
  m_NavMeshLayer: 0
  m_StaticEditorFlags: 0
  m_IsActive: 1
--- !u!224 &1549947489783594013
RectTransform:
  m_ObjectHideFlags: 0
  m_CorrespondingSourceObject: {fileID: 0}
  m_PrefabInstance: {fileID: 0}
  m_PrefabAsset: {fileID: 0}
  m_GameObject: {fileID: 1549947489783594012}
  m_LocalRotation: {x: 0, y: 0, z: 0, w: 1}
  m_LocalPosition: {x: 0, y: 0, z: 0}
  m_LocalScale: {x: 1, y: 1, z: 1}
  m_Children:
  - {fileID: 1549947489367746008}
  - {fileID: 7460106052632615566}
  - {fileID: 7460106052263089860}
  - {fileID: 7460106052567587588}
  - {fileID: 7460106052318991899}
  - {fileID: 7460106051332383250}
  - {fileID: 7460106052252283688}
  m_Father: {fileID: 1549947490210542148}
  m_RootOrder: 1
  m_LocalEulerAnglesHint: {x: 0, y: 0, z: 0}
  m_AnchorMin: {x: 0, y: 0}
  m_AnchorMax: {x: 1, y: 1}
  m_AnchoredPosition: {x: 0, y: 0}
  m_SizeDelta: {x: 0, y: 0}
  m_Pivot: {x: 0.5, y: 0.5}
--- !u!1 &1549947490210542151
GameObject:
  m_ObjectHideFlags: 0
  m_CorrespondingSourceObject: {fileID: 0}
  m_PrefabInstance: {fileID: 0}
  m_PrefabAsset: {fileID: 0}
  serializedVersion: 6
  m_Component:
  - component: {fileID: 1549947490210542148}
  - component: {fileID: 1549947490210542149}
  m_Layer: 5
  m_Name: Blueprint1
  m_TagString: Untagged
  m_Icon: {fileID: 0}
  m_NavMeshLayer: 0
  m_StaticEditorFlags: 0
  m_IsActive: 0
--- !u!224 &1549947490210542148
RectTransform:
  m_ObjectHideFlags: 0
  m_CorrespondingSourceObject: {fileID: 0}
  m_PrefabInstance: {fileID: 0}
  m_PrefabAsset: {fileID: 0}
  m_GameObject: {fileID: 1549947490210542151}
  m_LocalRotation: {x: 0, y: 0, z: 0, w: 1}
  m_LocalPosition: {x: 0, y: 0, z: 0}
  m_LocalScale: {x: 1, y: 1, z: 1}
  m_Children:
  - {fileID: 1549947490248757883}
  - {fileID: 1549947489783594013}
  m_Father: {fileID: 0}
  m_RootOrder: 0
  m_LocalEulerAnglesHint: {x: 0, y: 0, z: 0}
  m_AnchorMin: {x: 0, y: 0}
  m_AnchorMax: {x: 1, y: 1}
  m_AnchoredPosition: {x: 0, y: 0}
  m_SizeDelta: {x: 0, y: 0}
  m_Pivot: {x: 0.5, y: 0.5}
--- !u!114 &1549947490210542149
MonoBehaviour:
  m_ObjectHideFlags: 0
  m_CorrespondingSourceObject: {fileID: 0}
  m_PrefabInstance: {fileID: 0}
  m_PrefabAsset: {fileID: 0}
  m_GameObject: {fileID: 1549947490210542151}
  m_Enabled: 1
  m_EditorHideFlags: 0
  m_Script: {fileID: 11500000, guid: 43d017aed55995545b0a98d7bf4f2937, type: 3}
  m_Name: 
  m_EditorClassIdentifier: 
  checkpoints:
  - {fileID: 1549947489367746012}
  - {fileID: 7460106052632615562}
  - {fileID: 7460106052263089856}
  - {fileID: 7460106052567587584}
  - {fileID: 7460106052318991903}
  - {fileID: 7460106051332383254}
  - {fileID: 7460106052252283692}
--- !u!1 &1549947490248757882
GameObject:
  m_ObjectHideFlags: 0
  m_CorrespondingSourceObject: {fileID: 0}
  m_PrefabInstance: {fileID: 0}
  m_PrefabAsset: {fileID: 0}
  serializedVersion: 6
  m_Component:
  - component: {fileID: 1549947490248757883}
  - component: {fileID: 1549947490248757881}
  - component: {fileID: 1549947490248757880}
  m_Layer: 5
  m_Name: Background
  m_TagString: Untagged
  m_Icon: {fileID: 0}
  m_NavMeshLayer: 0
  m_StaticEditorFlags: 0
  m_IsActive: 1
--- !u!224 &1549947490248757883
RectTransform:
  m_ObjectHideFlags: 0
  m_CorrespondingSourceObject: {fileID: 0}
  m_PrefabInstance: {fileID: 0}
  m_PrefabAsset: {fileID: 0}
  m_GameObject: {fileID: 1549947490248757882}
  m_LocalRotation: {x: 0, y: 0, z: 0, w: 1}
  m_LocalPosition: {x: 0, y: 0, z: 0}
  m_LocalScale: {x: 1, y: 1, z: 1}
  m_Children: []
  m_Father: {fileID: 1549947490210542148}
  m_RootOrder: 0
  m_LocalEulerAnglesHint: {x: 0, y: 0, z: 0}
  m_AnchorMin: {x: 0, y: 0}
  m_AnchorMax: {x: 1, y: 1}
  m_AnchoredPosition: {x: 0, y: 0}
  m_SizeDelta: {x: 0, y: 0}
  m_Pivot: {x: 0.5, y: 0.5}
--- !u!222 &1549947490248757881
CanvasRenderer:
  m_ObjectHideFlags: 0
  m_CorrespondingSourceObject: {fileID: 0}
  m_PrefabInstance: {fileID: 0}
  m_PrefabAsset: {fileID: 0}
  m_GameObject: {fileID: 1549947490248757882}
  m_CullTransparentMesh: 1
--- !u!114 &1549947490248757880
MonoBehaviour:
  m_ObjectHideFlags: 0
  m_CorrespondingSourceObject: {fileID: 0}
  m_PrefabInstance: {fileID: 0}
  m_PrefabAsset: {fileID: 0}
  m_GameObject: {fileID: 1549947490248757882}
  m_Enabled: 1
  m_EditorHideFlags: 0
  m_Script: {fileID: 11500000, guid: fe87c0e1cc204ed48ad3b37840f39efc, type: 3}
  m_Name: 
  m_EditorClassIdentifier: 
  m_Material: {fileID: 0}
  m_Color: {r: 1, g: 1, b: 1, a: 1}
  m_RaycastTarget: 1
  m_RaycastPadding: {x: 0, y: 0, z: 0, w: 0}
  m_Maskable: 1
  m_OnCullStateChanged:
    m_PersistentCalls:
      m_Calls: []
  m_Sprite: {fileID: 21300000, guid: d58507c596a1c6f409d26a34f59d1ebd, type: 3}
  m_Type: 0
  m_PreserveAspect: 0
  m_FillCenter: 1
  m_FillMethod: 4
  m_FillAmount: 1
  m_FillClockwise: 1
  m_FillOrigin: 0
  m_UseSpriteMesh: 0
  m_PixelsPerUnitMultiplier: 1
--- !u!1001 &1549947489083076701
PrefabInstance:
  m_ObjectHideFlags: 0
  serializedVersion: 2
  m_Modification:
    m_TransformParent: {fileID: 1549947489783594013}
    m_Modifications:
    - target: {fileID: 8216003788662187589, guid: eb3f0b9d27dc36d4b8667695b4c04a21, type: 3}
      propertyPath: m_Name
      value: Checkpoint5
      objectReference: {fileID: 0}
    - target: {fileID: 8216003788662187590, guid: eb3f0b9d27dc36d4b8667695b4c04a21, type: 3}
      propertyPath: m_Pivot.x
      value: 0.5
      objectReference: {fileID: 0}
    - target: {fileID: 8216003788662187590, guid: eb3f0b9d27dc36d4b8667695b4c04a21, type: 3}
      propertyPath: m_Pivot.y
      value: 0.5
      objectReference: {fileID: 0}
    - target: {fileID: 8216003788662187590, guid: eb3f0b9d27dc36d4b8667695b4c04a21, type: 3}
      propertyPath: m_RootOrder
      value: 4
      objectReference: {fileID: 0}
    - target: {fileID: 8216003788662187590, guid: eb3f0b9d27dc36d4b8667695b4c04a21, type: 3}
      propertyPath: m_AnchorMax.x
      value: 0.5
      objectReference: {fileID: 0}
    - target: {fileID: 8216003788662187590, guid: eb3f0b9d27dc36d4b8667695b4c04a21, type: 3}
      propertyPath: m_AnchorMax.y
      value: 0.5
      objectReference: {fileID: 0}
    - target: {fileID: 8216003788662187590, guid: eb3f0b9d27dc36d4b8667695b4c04a21, type: 3}
      propertyPath: m_AnchorMin.x
      value: 0.5
      objectReference: {fileID: 0}
    - target: {fileID: 8216003788662187590, guid: eb3f0b9d27dc36d4b8667695b4c04a21, type: 3}
      propertyPath: m_AnchorMin.y
      value: 0.5
      objectReference: {fileID: 0}
    - target: {fileID: 8216003788662187590, guid: eb3f0b9d27dc36d4b8667695b4c04a21, type: 3}
      propertyPath: m_SizeDelta.x
      value: 160
      objectReference: {fileID: 0}
    - target: {fileID: 8216003788662187590, guid: eb3f0b9d27dc36d4b8667695b4c04a21, type: 3}
      propertyPath: m_SizeDelta.y
      value: 160
      objectReference: {fileID: 0}
    - target: {fileID: 8216003788662187590, guid: eb3f0b9d27dc36d4b8667695b4c04a21, type: 3}
      propertyPath: m_LocalPosition.x
      value: 0
      objectReference: {fileID: 0}
    - target: {fileID: 8216003788662187590, guid: eb3f0b9d27dc36d4b8667695b4c04a21, type: 3}
      propertyPath: m_LocalPosition.y
      value: 0
      objectReference: {fileID: 0}
    - target: {fileID: 8216003788662187590, guid: eb3f0b9d27dc36d4b8667695b4c04a21, type: 3}
      propertyPath: m_LocalPosition.z
      value: 0
      objectReference: {fileID: 0}
    - target: {fileID: 8216003788662187590, guid: eb3f0b9d27dc36d4b8667695b4c04a21, type: 3}
      propertyPath: m_LocalRotation.w
      value: 1
      objectReference: {fileID: 0}
    - target: {fileID: 8216003788662187590, guid: eb3f0b9d27dc36d4b8667695b4c04a21, type: 3}
      propertyPath: m_LocalRotation.x
      value: 0
      objectReference: {fileID: 0}
    - target: {fileID: 8216003788662187590, guid: eb3f0b9d27dc36d4b8667695b4c04a21, type: 3}
      propertyPath: m_LocalRotation.y
      value: 0
      objectReference: {fileID: 0}
    - target: {fileID: 8216003788662187590, guid: eb3f0b9d27dc36d4b8667695b4c04a21, type: 3}
      propertyPath: m_LocalRotation.z
      value: 0
      objectReference: {fileID: 0}
    - target: {fileID: 8216003788662187590, guid: eb3f0b9d27dc36d4b8667695b4c04a21, type: 3}
      propertyPath: m_AnchoredPosition.x
      value: 156
      objectReference: {fileID: 0}
    - target: {fileID: 8216003788662187590, guid: eb3f0b9d27dc36d4b8667695b4c04a21, type: 3}
      propertyPath: m_AnchoredPosition.y
      value: 334
      objectReference: {fileID: 0}
    - target: {fileID: 8216003788662187590, guid: eb3f0b9d27dc36d4b8667695b4c04a21, type: 3}
      propertyPath: m_LocalEulerAnglesHint.x
      value: 0
      objectReference: {fileID: 0}
    - target: {fileID: 8216003788662187590, guid: eb3f0b9d27dc36d4b8667695b4c04a21, type: 3}
      propertyPath: m_LocalEulerAnglesHint.y
      value: 0
      objectReference: {fileID: 0}
    - target: {fileID: 8216003788662187590, guid: eb3f0b9d27dc36d4b8667695b4c04a21, type: 3}
      propertyPath: m_LocalEulerAnglesHint.z
      value: 0
      objectReference: {fileID: 0}
    m_RemovedComponents: []
  m_SourcePrefab: {fileID: 100100000, guid: eb3f0b9d27dc36d4b8667695b4c04a21, type: 3}
--- !u!224 &7460106052318991899 stripped
RectTransform:
  m_CorrespondingSourceObject: {fileID: 8216003788662187590, guid: eb3f0b9d27dc36d4b8667695b4c04a21, type: 3}
  m_PrefabInstance: {fileID: 1549947489083076701}
  m_PrefabAsset: {fileID: 0}
--- !u!114 &7460106052318991903 stripped
MonoBehaviour:
  m_CorrespondingSourceObject: {fileID: 8216003788662187586, guid: eb3f0b9d27dc36d4b8667695b4c04a21, type: 3}
  m_PrefabInstance: {fileID: 1549947489083076701}
  m_PrefabAsset: {fileID: 0}
  m_GameObject: {fileID: 0}
  m_Enabled: 1
  m_EditorHideFlags: 0
  m_Script: {fileID: 11500000, guid: 2505184c6e081b940a2da41a6bbcd7e7, type: 3}
  m_Name: 
  m_EditorClassIdentifier: 
--- !u!1001 &1549947489337048386
PrefabInstance:
  m_ObjectHideFlags: 0
  serializedVersion: 2
  m_Modification:
    m_TransformParent: {fileID: 1549947489783594013}
    m_Modifications:
    - target: {fileID: 8216003788662187589, guid: eb3f0b9d27dc36d4b8667695b4c04a21, type: 3}
      propertyPath: m_Name
      value: Checkpoint4
      objectReference: {fileID: 0}
    - target: {fileID: 8216003788662187590, guid: eb3f0b9d27dc36d4b8667695b4c04a21, type: 3}
      propertyPath: m_Pivot.x
      value: 0.5
      objectReference: {fileID: 0}
    - target: {fileID: 8216003788662187590, guid: eb3f0b9d27dc36d4b8667695b4c04a21, type: 3}
      propertyPath: m_Pivot.y
      value: 0.5
      objectReference: {fileID: 0}
    - target: {fileID: 8216003788662187590, guid: eb3f0b9d27dc36d4b8667695b4c04a21, type: 3}
      propertyPath: m_RootOrder
      value: 3
      objectReference: {fileID: 0}
    - target: {fileID: 8216003788662187590, guid: eb3f0b9d27dc36d4b8667695b4c04a21, type: 3}
      propertyPath: m_AnchorMax.x
      value: 0.5
      objectReference: {fileID: 0}
    - target: {fileID: 8216003788662187590, guid: eb3f0b9d27dc36d4b8667695b4c04a21, type: 3}
      propertyPath: m_AnchorMax.y
      value: 0.5
      objectReference: {fileID: 0}
    - target: {fileID: 8216003788662187590, guid: eb3f0b9d27dc36d4b8667695b4c04a21, type: 3}
      propertyPath: m_AnchorMin.x
      value: 0.5
      objectReference: {fileID: 0}
    - target: {fileID: 8216003788662187590, guid: eb3f0b9d27dc36d4b8667695b4c04a21, type: 3}
      propertyPath: m_AnchorMin.y
      value: 0.5
      objectReference: {fileID: 0}
    - target: {fileID: 8216003788662187590, guid: eb3f0b9d27dc36d4b8667695b4c04a21, type: 3}
      propertyPath: m_SizeDelta.x
      value: 160
      objectReference: {fileID: 0}
    - target: {fileID: 8216003788662187590, guid: eb3f0b9d27dc36d4b8667695b4c04a21, type: 3}
      propertyPath: m_SizeDelta.y
      value: 160
      objectReference: {fileID: 0}
    - target: {fileID: 8216003788662187590, guid: eb3f0b9d27dc36d4b8667695b4c04a21, type: 3}
      propertyPath: m_LocalPosition.x
      value: 0
      objectReference: {fileID: 0}
    - target: {fileID: 8216003788662187590, guid: eb3f0b9d27dc36d4b8667695b4c04a21, type: 3}
      propertyPath: m_LocalPosition.y
      value: 0
      objectReference: {fileID: 0}
    - target: {fileID: 8216003788662187590, guid: eb3f0b9d27dc36d4b8667695b4c04a21, type: 3}
      propertyPath: m_LocalPosition.z
      value: 0
      objectReference: {fileID: 0}
    - target: {fileID: 8216003788662187590, guid: eb3f0b9d27dc36d4b8667695b4c04a21, type: 3}
      propertyPath: m_LocalRotation.w
      value: 1
      objectReference: {fileID: 0}
    - target: {fileID: 8216003788662187590, guid: eb3f0b9d27dc36d4b8667695b4c04a21, type: 3}
      propertyPath: m_LocalRotation.x
      value: 0
      objectReference: {fileID: 0}
    - target: {fileID: 8216003788662187590, guid: eb3f0b9d27dc36d4b8667695b4c04a21, type: 3}
      propertyPath: m_LocalRotation.y
      value: 0
      objectReference: {fileID: 0}
    - target: {fileID: 8216003788662187590, guid: eb3f0b9d27dc36d4b8667695b4c04a21, type: 3}
      propertyPath: m_LocalRotation.z
      value: 0
      objectReference: {fileID: 0}
    - target: {fileID: 8216003788662187590, guid: eb3f0b9d27dc36d4b8667695b4c04a21, type: 3}
      propertyPath: m_AnchoredPosition.x
      value: 586
      objectReference: {fileID: 0}
    - target: {fileID: 8216003788662187590, guid: eb3f0b9d27dc36d4b8667695b4c04a21, type: 3}
      propertyPath: m_AnchoredPosition.y
      value: 20
      objectReference: {fileID: 0}
    - target: {fileID: 8216003788662187590, guid: eb3f0b9d27dc36d4b8667695b4c04a21, type: 3}
      propertyPath: m_LocalEulerAnglesHint.x
      value: 0
      objectReference: {fileID: 0}
    - target: {fileID: 8216003788662187590, guid: eb3f0b9d27dc36d4b8667695b4c04a21, type: 3}
      propertyPath: m_LocalEulerAnglesHint.y
      value: 0
      objectReference: {fileID: 0}
    - target: {fileID: 8216003788662187590, guid: eb3f0b9d27dc36d4b8667695b4c04a21, type: 3}
      propertyPath: m_LocalEulerAnglesHint.z
      value: 0
      objectReference: {fileID: 0}
    m_RemovedComponents: []
  m_SourcePrefab: {fileID: 100100000, guid: eb3f0b9d27dc36d4b8667695b4c04a21, type: 3}
--- !u!224 &7460106052567587588 stripped
RectTransform:
  m_CorrespondingSourceObject: {fileID: 8216003788662187590, guid: eb3f0b9d27dc36d4b8667695b4c04a21, type: 3}
  m_PrefabInstance: {fileID: 1549947489337048386}
  m_PrefabAsset: {fileID: 0}
--- !u!114 &7460106052567587584 stripped
MonoBehaviour:
  m_CorrespondingSourceObject: {fileID: 8216003788662187586, guid: eb3f0b9d27dc36d4b8667695b4c04a21, type: 3}
  m_PrefabInstance: {fileID: 1549947489337048386}
  m_PrefabAsset: {fileID: 0}
  m_GameObject: {fileID: 0}
  m_Enabled: 1
  m_EditorHideFlags: 0
  m_Script: {fileID: 11500000, guid: 2505184c6e081b940a2da41a6bbcd7e7, type: 3}
  m_Name: 
  m_EditorClassIdentifier: 
--- !u!1001 &1549947489389493448
PrefabInstance:
  m_ObjectHideFlags: 0
  serializedVersion: 2
  m_Modification:
    m_TransformParent: {fileID: 1549947489783594013}
    m_Modifications:
    - target: {fileID: 8216003788662187589, guid: eb3f0b9d27dc36d4b8667695b4c04a21, type: 3}
      propertyPath: m_Name
      value: Checkpoint2
      objectReference: {fileID: 0}
    - target: {fileID: 8216003788662187590, guid: eb3f0b9d27dc36d4b8667695b4c04a21, type: 3}
      propertyPath: m_Pivot.x
      value: 0.5
      objectReference: {fileID: 0}
    - target: {fileID: 8216003788662187590, guid: eb3f0b9d27dc36d4b8667695b4c04a21, type: 3}
      propertyPath: m_Pivot.y
      value: 0.5
      objectReference: {fileID: 0}
    - target: {fileID: 8216003788662187590, guid: eb3f0b9d27dc36d4b8667695b4c04a21, type: 3}
      propertyPath: m_RootOrder
      value: 1
      objectReference: {fileID: 0}
    - target: {fileID: 8216003788662187590, guid: eb3f0b9d27dc36d4b8667695b4c04a21, type: 3}
      propertyPath: m_AnchorMax.x
      value: 0.5
      objectReference: {fileID: 0}
    - target: {fileID: 8216003788662187590, guid: eb3f0b9d27dc36d4b8667695b4c04a21, type: 3}
      propertyPath: m_AnchorMax.y
      value: 0.5
      objectReference: {fileID: 0}
    - target: {fileID: 8216003788662187590, guid: eb3f0b9d27dc36d4b8667695b4c04a21, type: 3}
      propertyPath: m_AnchorMin.x
      value: 0.5
      objectReference: {fileID: 0}
    - target: {fileID: 8216003788662187590, guid: eb3f0b9d27dc36d4b8667695b4c04a21, type: 3}
      propertyPath: m_AnchorMin.y
      value: 0.5
      objectReference: {fileID: 0}
    - target: {fileID: 8216003788662187590, guid: eb3f0b9d27dc36d4b8667695b4c04a21, type: 3}
      propertyPath: m_SizeDelta.x
      value: 160
      objectReference: {fileID: 0}
    - target: {fileID: 8216003788662187590, guid: eb3f0b9d27dc36d4b8667695b4c04a21, type: 3}
      propertyPath: m_SizeDelta.y
      value: 160
      objectReference: {fileID: 0}
    - target: {fileID: 8216003788662187590, guid: eb3f0b9d27dc36d4b8667695b4c04a21, type: 3}
      propertyPath: m_LocalPosition.x
      value: 0
      objectReference: {fileID: 0}
    - target: {fileID: 8216003788662187590, guid: eb3f0b9d27dc36d4b8667695b4c04a21, type: 3}
      propertyPath: m_LocalPosition.y
      value: 0
      objectReference: {fileID: 0}
    - target: {fileID: 8216003788662187590, guid: eb3f0b9d27dc36d4b8667695b4c04a21, type: 3}
      propertyPath: m_LocalPosition.z
      value: 0
      objectReference: {fileID: 0}
    - target: {fileID: 8216003788662187590, guid: eb3f0b9d27dc36d4b8667695b4c04a21, type: 3}
      propertyPath: m_LocalRotation.w
      value: 1
      objectReference: {fileID: 0}
    - target: {fileID: 8216003788662187590, guid: eb3f0b9d27dc36d4b8667695b4c04a21, type: 3}
      propertyPath: m_LocalRotation.x
      value: 0
      objectReference: {fileID: 0}
    - target: {fileID: 8216003788662187590, guid: eb3f0b9d27dc36d4b8667695b4c04a21, type: 3}
      propertyPath: m_LocalRotation.y
      value: 0
      objectReference: {fileID: 0}
    - target: {fileID: 8216003788662187590, guid: eb3f0b9d27dc36d4b8667695b4c04a21, type: 3}
      propertyPath: m_LocalRotation.z
      value: 0
      objectReference: {fileID: 0}
    - target: {fileID: 8216003788662187590, guid: eb3f0b9d27dc36d4b8667695b4c04a21, type: 3}
      propertyPath: m_AnchoredPosition.x
      value: 115
      objectReference: {fileID: 0}
    - target: {fileID: 8216003788662187590, guid: eb3f0b9d27dc36d4b8667695b4c04a21, type: 3}
      propertyPath: m_AnchoredPosition.y
      value: -281
      objectReference: {fileID: 0}
    - target: {fileID: 8216003788662187590, guid: eb3f0b9d27dc36d4b8667695b4c04a21, type: 3}
      propertyPath: m_LocalEulerAnglesHint.x
      value: 0
      objectReference: {fileID: 0}
    - target: {fileID: 8216003788662187590, guid: eb3f0b9d27dc36d4b8667695b4c04a21, type: 3}
      propertyPath: m_LocalEulerAnglesHint.y
      value: 0
      objectReference: {fileID: 0}
    - target: {fileID: 8216003788662187590, guid: eb3f0b9d27dc36d4b8667695b4c04a21, type: 3}
      propertyPath: m_LocalEulerAnglesHint.z
      value: 0
      objectReference: {fileID: 0}
    m_RemovedComponents: []
  m_SourcePrefab: {fileID: 100100000, guid: eb3f0b9d27dc36d4b8667695b4c04a21, type: 3}
--- !u!224 &7460106052632615566 stripped
RectTransform:
  m_CorrespondingSourceObject: {fileID: 8216003788662187590, guid: eb3f0b9d27dc36d4b8667695b4c04a21, type: 3}
  m_PrefabInstance: {fileID: 1549947489389493448}
  m_PrefabAsset: {fileID: 0}
--- !u!114 &7460106052632615562 stripped
MonoBehaviour:
  m_CorrespondingSourceObject: {fileID: 8216003788662187586, guid: eb3f0b9d27dc36d4b8667695b4c04a21, type: 3}
  m_PrefabInstance: {fileID: 1549947489389493448}
  m_PrefabAsset: {fileID: 0}
  m_GameObject: {fileID: 0}
  m_Enabled: 1
  m_EditorHideFlags: 0
  m_Script: {fileID: 11500000, guid: 2505184c6e081b940a2da41a6bbcd7e7, type: 3}
  m_Name: 
  m_EditorClassIdentifier: 
--- !u!1001 &1549947490089047406
PrefabInstance:
  m_ObjectHideFlags: 0
  serializedVersion: 2
  m_Modification:
    m_TransformParent: {fileID: 1549947489783594013}
    m_Modifications:
    - target: {fileID: 8216003788662187589, guid: eb3f0b9d27dc36d4b8667695b4c04a21, type: 3}
      propertyPath: m_Name
      value: Checkpoint7
      objectReference: {fileID: 0}
    - target: {fileID: 8216003788662187590, guid: eb3f0b9d27dc36d4b8667695b4c04a21, type: 3}
      propertyPath: m_Pivot.x
      value: 0.5
      objectReference: {fileID: 0}
    - target: {fileID: 8216003788662187590, guid: eb3f0b9d27dc36d4b8667695b4c04a21, type: 3}
      propertyPath: m_Pivot.y
      value: 0.5
      objectReference: {fileID: 0}
    - target: {fileID: 8216003788662187590, guid: eb3f0b9d27dc36d4b8667695b4c04a21, type: 3}
      propertyPath: m_RootOrder
      value: 6
      objectReference: {fileID: 0}
    - target: {fileID: 8216003788662187590, guid: eb3f0b9d27dc36d4b8667695b4c04a21, type: 3}
      propertyPath: m_AnchorMax.x
      value: 0.5
      objectReference: {fileID: 0}
    - target: {fileID: 8216003788662187590, guid: eb3f0b9d27dc36d4b8667695b4c04a21, type: 3}
      propertyPath: m_AnchorMax.y
      value: 0.5
      objectReference: {fileID: 0}
    - target: {fileID: 8216003788662187590, guid: eb3f0b9d27dc36d4b8667695b4c04a21, type: 3}
      propertyPath: m_AnchorMin.x
      value: 0.5
      objectReference: {fileID: 0}
    - target: {fileID: 8216003788662187590, guid: eb3f0b9d27dc36d4b8667695b4c04a21, type: 3}
      propertyPath: m_AnchorMin.y
      value: 0.5
      objectReference: {fileID: 0}
    - target: {fileID: 8216003788662187590, guid: eb3f0b9d27dc36d4b8667695b4c04a21, type: 3}
      propertyPath: m_SizeDelta.x
      value: 160
      objectReference: {fileID: 0}
    - target: {fileID: 8216003788662187590, guid: eb3f0b9d27dc36d4b8667695b4c04a21, type: 3}
      propertyPath: m_SizeDelta.y
      value: 160
      objectReference: {fileID: 0}
    - target: {fileID: 8216003788662187590, guid: eb3f0b9d27dc36d4b8667695b4c04a21, type: 3}
      propertyPath: m_LocalPosition.x
      value: 0
      objectReference: {fileID: 0}
    - target: {fileID: 8216003788662187590, guid: eb3f0b9d27dc36d4b8667695b4c04a21, type: 3}
      propertyPath: m_LocalPosition.y
      value: 0
      objectReference: {fileID: 0}
    - target: {fileID: 8216003788662187590, guid: eb3f0b9d27dc36d4b8667695b4c04a21, type: 3}
      propertyPath: m_LocalPosition.z
      value: 0
      objectReference: {fileID: 0}
    - target: {fileID: 8216003788662187590, guid: eb3f0b9d27dc36d4b8667695b4c04a21, type: 3}
      propertyPath: m_LocalRotation.w
      value: 1
      objectReference: {fileID: 0}
    - target: {fileID: 8216003788662187590, guid: eb3f0b9d27dc36d4b8667695b4c04a21, type: 3}
      propertyPath: m_LocalRotation.x
      value: 0
      objectReference: {fileID: 0}
    - target: {fileID: 8216003788662187590, guid: eb3f0b9d27dc36d4b8667695b4c04a21, type: 3}
      propertyPath: m_LocalRotation.y
      value: 0
      objectReference: {fileID: 0}
    - target: {fileID: 8216003788662187590, guid: eb3f0b9d27dc36d4b8667695b4c04a21, type: 3}
      propertyPath: m_LocalRotation.z
      value: 0
      objectReference: {fileID: 0}
    - target: {fileID: 8216003788662187590, guid: eb3f0b9d27dc36d4b8667695b4c04a21, type: 3}
      propertyPath: m_AnchoredPosition.x
      value: -525
      objectReference: {fileID: 0}
    - target: {fileID: 8216003788662187590, guid: eb3f0b9d27dc36d4b8667695b4c04a21, type: 3}
      propertyPath: m_AnchoredPosition.y
      value: 98
      objectReference: {fileID: 0}
    - target: {fileID: 8216003788662187590, guid: eb3f0b9d27dc36d4b8667695b4c04a21, type: 3}
      propertyPath: m_LocalEulerAnglesHint.x
      value: 0
      objectReference: {fileID: 0}
    - target: {fileID: 8216003788662187590, guid: eb3f0b9d27dc36d4b8667695b4c04a21, type: 3}
      propertyPath: m_LocalEulerAnglesHint.y
      value: 0
      objectReference: {fileID: 0}
    - target: {fileID: 8216003788662187590, guid: eb3f0b9d27dc36d4b8667695b4c04a21, type: 3}
      propertyPath: m_LocalEulerAnglesHint.z
      value: 0
      objectReference: {fileID: 0}
    m_RemovedComponents: []
  m_SourcePrefab: {fileID: 100100000, guid: eb3f0b9d27dc36d4b8667695b4c04a21, type: 3}
--- !u!224 &7460106052252283688 stripped
RectTransform:
  m_CorrespondingSourceObject: {fileID: 8216003788662187590, guid: eb3f0b9d27dc36d4b8667695b4c04a21, type: 3}
  m_PrefabInstance: {fileID: 1549947490089047406}
  m_PrefabAsset: {fileID: 0}
--- !u!114 &7460106052252283692 stripped
MonoBehaviour:
  m_CorrespondingSourceObject: {fileID: 8216003788662187586, guid: eb3f0b9d27dc36d4b8667695b4c04a21, type: 3}
  m_PrefabInstance: {fileID: 1549947490089047406}
  m_PrefabAsset: {fileID: 0}
  m_GameObject: {fileID: 0}
  m_Enabled: 1
  m_EditorHideFlags: 0
  m_Script: {fileID: 11500000, guid: 2505184c6e081b940a2da41a6bbcd7e7, type: 3}
  m_Name: 
  m_EditorClassIdentifier: 
--- !u!1001 &1549947490094755970
PrefabInstance:
  m_ObjectHideFlags: 0
  serializedVersion: 2
  m_Modification:
    m_TransformParent: {fileID: 1549947489783594013}
    m_Modifications:
    - target: {fileID: 8216003788662187589, guid: eb3f0b9d27dc36d4b8667695b4c04a21, type: 3}
      propertyPath: m_Name
      value: Checkpoint3
      objectReference: {fileID: 0}
    - target: {fileID: 8216003788662187590, guid: eb3f0b9d27dc36d4b8667695b4c04a21, type: 3}
      propertyPath: m_Pivot.x
      value: 0.5
      objectReference: {fileID: 0}
    - target: {fileID: 8216003788662187590, guid: eb3f0b9d27dc36d4b8667695b4c04a21, type: 3}
      propertyPath: m_Pivot.y
      value: 0.5
      objectReference: {fileID: 0}
    - target: {fileID: 8216003788662187590, guid: eb3f0b9d27dc36d4b8667695b4c04a21, type: 3}
      propertyPath: m_RootOrder
      value: 2
      objectReference: {fileID: 0}
    - target: {fileID: 8216003788662187590, guid: eb3f0b9d27dc36d4b8667695b4c04a21, type: 3}
      propertyPath: m_AnchorMax.x
      value: 0.5
      objectReference: {fileID: 0}
    - target: {fileID: 8216003788662187590, guid: eb3f0b9d27dc36d4b8667695b4c04a21, type: 3}
      propertyPath: m_AnchorMax.y
      value: 0.5
      objectReference: {fileID: 0}
    - target: {fileID: 8216003788662187590, guid: eb3f0b9d27dc36d4b8667695b4c04a21, type: 3}
      propertyPath: m_AnchorMin.x
      value: 0.5
      objectReference: {fileID: 0}
    - target: {fileID: 8216003788662187590, guid: eb3f0b9d27dc36d4b8667695b4c04a21, type: 3}
      propertyPath: m_AnchorMin.y
      value: 0.5
      objectReference: {fileID: 0}
    - target: {fileID: 8216003788662187590, guid: eb3f0b9d27dc36d4b8667695b4c04a21, type: 3}
      propertyPath: m_SizeDelta.x
      value: 160
      objectReference: {fileID: 0}
    - target: {fileID: 8216003788662187590, guid: eb3f0b9d27dc36d4b8667695b4c04a21, type: 3}
      propertyPath: m_SizeDelta.y
      value: 160
      objectReference: {fileID: 0}
    - target: {fileID: 8216003788662187590, guid: eb3f0b9d27dc36d4b8667695b4c04a21, type: 3}
      propertyPath: m_LocalPosition.x
      value: 0
      objectReference: {fileID: 0}
    - target: {fileID: 8216003788662187590, guid: eb3f0b9d27dc36d4b8667695b4c04a21, type: 3}
      propertyPath: m_LocalPosition.y
      value: 0
      objectReference: {fileID: 0}
    - target: {fileID: 8216003788662187590, guid: eb3f0b9d27dc36d4b8667695b4c04a21, type: 3}
      propertyPath: m_LocalPosition.z
      value: 0
      objectReference: {fileID: 0}
    - target: {fileID: 8216003788662187590, guid: eb3f0b9d27dc36d4b8667695b4c04a21, type: 3}
      propertyPath: m_LocalRotation.w
      value: 1
      objectReference: {fileID: 0}
    - target: {fileID: 8216003788662187590, guid: eb3f0b9d27dc36d4b8667695b4c04a21, type: 3}
      propertyPath: m_LocalRotation.x
      value: 0
      objectReference: {fileID: 0}
    - target: {fileID: 8216003788662187590, guid: eb3f0b9d27dc36d4b8667695b4c04a21, type: 3}
      propertyPath: m_LocalRotation.y
      value: 0
      objectReference: {fileID: 0}
    - target: {fileID: 8216003788662187590, guid: eb3f0b9d27dc36d4b8667695b4c04a21, type: 3}
      propertyPath: m_LocalRotation.z
      value: 0
      objectReference: {fileID: 0}
    - target: {fileID: 8216003788662187590, guid: eb3f0b9d27dc36d4b8667695b4c04a21, type: 3}
      propertyPath: m_AnchoredPosition.x
      value: 364
      objectReference: {fileID: 0}
    - target: {fileID: 8216003788662187590, guid: eb3f0b9d27dc36d4b8667695b4c04a21, type: 3}
      propertyPath: m_AnchoredPosition.y
      value: -65
      objectReference: {fileID: 0}
    - target: {fileID: 8216003788662187590, guid: eb3f0b9d27dc36d4b8667695b4c04a21, type: 3}
      propertyPath: m_LocalEulerAnglesHint.x
      value: 0
      objectReference: {fileID: 0}
    - target: {fileID: 8216003788662187590, guid: eb3f0b9d27dc36d4b8667695b4c04a21, type: 3}
      propertyPath: m_LocalEulerAnglesHint.y
      value: 0
      objectReference: {fileID: 0}
    - target: {fileID: 8216003788662187590, guid: eb3f0b9d27dc36d4b8667695b4c04a21, type: 3}
      propertyPath: m_LocalEulerAnglesHint.z
      value: 0
      objectReference: {fileID: 0}
    m_RemovedComponents: []
  m_SourcePrefab: {fileID: 100100000, guid: eb3f0b9d27dc36d4b8667695b4c04a21, type: 3}
--- !u!224 &7460106052263089860 stripped
RectTransform:
  m_CorrespondingSourceObject: {fileID: 8216003788662187590, guid: eb3f0b9d27dc36d4b8667695b4c04a21, type: 3}
  m_PrefabInstance: {fileID: 1549947490094755970}
  m_PrefabAsset: {fileID: 0}
--- !u!114 &7460106052263089856 stripped
MonoBehaviour:
  m_CorrespondingSourceObject: {fileID: 8216003788662187586, guid: eb3f0b9d27dc36d4b8667695b4c04a21, type: 3}
  m_PrefabInstance: {fileID: 1549947490094755970}
  m_PrefabAsset: {fileID: 0}
  m_GameObject: {fileID: 0}
  m_Enabled: 1
  m_EditorHideFlags: 0
  m_Script: {fileID: 11500000, guid: 2505184c6e081b940a2da41a6bbcd7e7, type: 3}
  m_Name: 
  m_EditorClassIdentifier: 
--- !u!1001 &1549947490236728404
PrefabInstance:
  m_ObjectHideFlags: 0
  serializedVersion: 2
  m_Modification:
    m_TransformParent: {fileID: 1549947489783594013}
    m_Modifications:
    - target: {fileID: 8216003788662187589, guid: eb3f0b9d27dc36d4b8667695b4c04a21, type: 3}
      propertyPath: m_Name
      value: Checkpoint6
      objectReference: {fileID: 0}
    - target: {fileID: 8216003788662187590, guid: eb3f0b9d27dc36d4b8667695b4c04a21, type: 3}
      propertyPath: m_Pivot.x
      value: 0.5
      objectReference: {fileID: 0}
    - target: {fileID: 8216003788662187590, guid: eb3f0b9d27dc36d4b8667695b4c04a21, type: 3}
      propertyPath: m_Pivot.y
      value: 0.5
      objectReference: {fileID: 0}
    - target: {fileID: 8216003788662187590, guid: eb3f0b9d27dc36d4b8667695b4c04a21, type: 3}
      propertyPath: m_RootOrder
      value: 5
      objectReference: {fileID: 0}
    - target: {fileID: 8216003788662187590, guid: eb3f0b9d27dc36d4b8667695b4c04a21, type: 3}
      propertyPath: m_AnchorMax.x
      value: 0.5
      objectReference: {fileID: 0}
    - target: {fileID: 8216003788662187590, guid: eb3f0b9d27dc36d4b8667695b4c04a21, type: 3}
      propertyPath: m_AnchorMax.y
      value: 0.5
      objectReference: {fileID: 0}
    - target: {fileID: 8216003788662187590, guid: eb3f0b9d27dc36d4b8667695b4c04a21, type: 3}
      propertyPath: m_AnchorMin.x
      value: 0.5
      objectReference: {fileID: 0}
    - target: {fileID: 8216003788662187590, guid: eb3f0b9d27dc36d4b8667695b4c04a21, type: 3}
      propertyPath: m_AnchorMin.y
      value: 0.5
      objectReference: {fileID: 0}
    - target: {fileID: 8216003788662187590, guid: eb3f0b9d27dc36d4b8667695b4c04a21, type: 3}
      propertyPath: m_SizeDelta.x
      value: 160
      objectReference: {fileID: 0}
    - target: {fileID: 8216003788662187590, guid: eb3f0b9d27dc36d4b8667695b4c04a21, type: 3}
      propertyPath: m_SizeDelta.y
      value: 160
      objectReference: {fileID: 0}
    - target: {fileID: 8216003788662187590, guid: eb3f0b9d27dc36d4b8667695b4c04a21, type: 3}
      propertyPath: m_LocalPosition.x
      value: 0
      objectReference: {fileID: 0}
    - target: {fileID: 8216003788662187590, guid: eb3f0b9d27dc36d4b8667695b4c04a21, type: 3}
      propertyPath: m_LocalPosition.y
      value: 0
      objectReference: {fileID: 0}
    - target: {fileID: 8216003788662187590, guid: eb3f0b9d27dc36d4b8667695b4c04a21, type: 3}
      propertyPath: m_LocalPosition.z
      value: 0
      objectReference: {fileID: 0}
    - target: {fileID: 8216003788662187590, guid: eb3f0b9d27dc36d4b8667695b4c04a21, type: 3}
      propertyPath: m_LocalRotation.w
      value: 1
      objectReference: {fileID: 0}
    - target: {fileID: 8216003788662187590, guid: eb3f0b9d27dc36d4b8667695b4c04a21, type: 3}
      propertyPath: m_LocalRotation.x
      value: 0
      objectReference: {fileID: 0}
    - target: {fileID: 8216003788662187590, guid: eb3f0b9d27dc36d4b8667695b4c04a21, type: 3}
      propertyPath: m_LocalRotation.y
      value: 0
      objectReference: {fileID: 0}
    - target: {fileID: 8216003788662187590, guid: eb3f0b9d27dc36d4b8667695b4c04a21, type: 3}
      propertyPath: m_LocalRotation.z
      value: 0
      objectReference: {fileID: 0}
    - target: {fileID: 8216003788662187590, guid: eb3f0b9d27dc36d4b8667695b4c04a21, type: 3}
      propertyPath: m_AnchoredPosition.x
      value: -54
      objectReference: {fileID: 0}
    - target: {fileID: 8216003788662187590, guid: eb3f0b9d27dc36d4b8667695b4c04a21, type: 3}
      propertyPath: m_AnchoredPosition.y
      value: 322
      objectReference: {fileID: 0}
    - target: {fileID: 8216003788662187590, guid: eb3f0b9d27dc36d4b8667695b4c04a21, type: 3}
      propertyPath: m_LocalEulerAnglesHint.x
      value: 0
      objectReference: {fileID: 0}
    - target: {fileID: 8216003788662187590, guid: eb3f0b9d27dc36d4b8667695b4c04a21, type: 3}
      propertyPath: m_LocalEulerAnglesHint.y
      value: 0
      objectReference: {fileID: 0}
    - target: {fileID: 8216003788662187590, guid: eb3f0b9d27dc36d4b8667695b4c04a21, type: 3}
      propertyPath: m_LocalEulerAnglesHint.z
      value: 0
      objectReference: {fileID: 0}
    m_RemovedComponents: []
  m_SourcePrefab: {fileID: 100100000, guid: eb3f0b9d27dc36d4b8667695b4c04a21, type: 3}
--- !u!224 &7460106051332383250 stripped
RectTransform:
  m_CorrespondingSourceObject: {fileID: 8216003788662187590, guid: eb3f0b9d27dc36d4b8667695b4c04a21, type: 3}
  m_PrefabInstance: {fileID: 1549947490236728404}
  m_PrefabAsset: {fileID: 0}
--- !u!114 &7460106051332383254 stripped
MonoBehaviour:
  m_CorrespondingSourceObject: {fileID: 8216003788662187586, guid: eb3f0b9d27dc36d4b8667695b4c04a21, type: 3}
  m_PrefabInstance: {fileID: 1549947490236728404}
  m_PrefabAsset: {fileID: 0}
  m_GameObject: {fileID: 0}
  m_Enabled: 1
  m_EditorHideFlags: 0
  m_Script: {fileID: 11500000, guid: 2505184c6e081b940a2da41a6bbcd7e7, type: 3}
  m_Name: 
  m_EditorClassIdentifier: 
--- !u!1001 &7460106052604576670
PrefabInstance:
  m_ObjectHideFlags: 0
  serializedVersion: 2
  m_Modification:
    m_TransformParent: {fileID: 1549947489783594013}
    m_Modifications:
    - target: {fileID: 8216003788662187589, guid: eb3f0b9d27dc36d4b8667695b4c04a21, type: 3}
      propertyPath: m_Name
      value: Checkpoint1
      objectReference: {fileID: 0}
    - target: {fileID: 8216003788662187590, guid: eb3f0b9d27dc36d4b8667695b4c04a21, type: 3}
      propertyPath: m_Pivot.x
      value: 0.5
      objectReference: {fileID: 0}
    - target: {fileID: 8216003788662187590, guid: eb3f0b9d27dc36d4b8667695b4c04a21, type: 3}
      propertyPath: m_Pivot.y
      value: 0.5
      objectReference: {fileID: 0}
    - target: {fileID: 8216003788662187590, guid: eb3f0b9d27dc36d4b8667695b4c04a21, type: 3}
      propertyPath: m_RootOrder
      value: 0
      objectReference: {fileID: 0}
    - target: {fileID: 8216003788662187590, guid: eb3f0b9d27dc36d4b8667695b4c04a21, type: 3}
      propertyPath: m_AnchorMax.x
      value: 0.5
      objectReference: {fileID: 0}
    - target: {fileID: 8216003788662187590, guid: eb3f0b9d27dc36d4b8667695b4c04a21, type: 3}
      propertyPath: m_AnchorMax.y
      value: 0.5
      objectReference: {fileID: 0}
    - target: {fileID: 8216003788662187590, guid: eb3f0b9d27dc36d4b8667695b4c04a21, type: 3}
      propertyPath: m_AnchorMin.x
      value: 0.5
      objectReference: {fileID: 0}
    - target: {fileID: 8216003788662187590, guid: eb3f0b9d27dc36d4b8667695b4c04a21, type: 3}
      propertyPath: m_AnchorMin.y
      value: 0.5
      objectReference: {fileID: 0}
    - target: {fileID: 8216003788662187590, guid: eb3f0b9d27dc36d4b8667695b4c04a21, type: 3}
      propertyPath: m_SizeDelta.x
      value: 160
      objectReference: {fileID: 0}
    - target: {fileID: 8216003788662187590, guid: eb3f0b9d27dc36d4b8667695b4c04a21, type: 3}
      propertyPath: m_SizeDelta.y
      value: 160
      objectReference: {fileID: 0}
    - target: {fileID: 8216003788662187590, guid: eb3f0b9d27dc36d4b8667695b4c04a21, type: 3}
      propertyPath: m_LocalPosition.x
      value: 0
      objectReference: {fileID: 0}
    - target: {fileID: 8216003788662187590, guid: eb3f0b9d27dc36d4b8667695b4c04a21, type: 3}
      propertyPath: m_LocalPosition.y
      value: 0
      objectReference: {fileID: 0}
    - target: {fileID: 8216003788662187590, guid: eb3f0b9d27dc36d4b8667695b4c04a21, type: 3}
      propertyPath: m_LocalPosition.z
      value: 0
      objectReference: {fileID: 0}
    - target: {fileID: 8216003788662187590, guid: eb3f0b9d27dc36d4b8667695b4c04a21, type: 3}
      propertyPath: m_LocalRotation.w
      value: 1
      objectReference: {fileID: 0}
    - target: {fileID: 8216003788662187590, guid: eb3f0b9d27dc36d4b8667695b4c04a21, type: 3}
      propertyPath: m_LocalRotation.x
      value: 0
      objectReference: {fileID: 0}
    - target: {fileID: 8216003788662187590, guid: eb3f0b9d27dc36d4b8667695b4c04a21, type: 3}
      propertyPath: m_LocalRotation.y
      value: 0
      objectReference: {fileID: 0}
    - target: {fileID: 8216003788662187590, guid: eb3f0b9d27dc36d4b8667695b4c04a21, type: 3}
      propertyPath: m_LocalRotation.z
      value: 0
      objectReference: {fileID: 0}
    - target: {fileID: 8216003788662187590, guid: eb3f0b9d27dc36d4b8667695b4c04a21, type: 3}
      propertyPath: m_AnchoredPosition.x
      value: -138
      objectReference: {fileID: 0}
    - target: {fileID: 8216003788662187590, guid: eb3f0b9d27dc36d4b8667695b4c04a21, type: 3}
      propertyPath: m_AnchoredPosition.y
      value: -295
      objectReference: {fileID: 0}
    - target: {fileID: 8216003788662187590, guid: eb3f0b9d27dc36d4b8667695b4c04a21, type: 3}
      propertyPath: m_LocalEulerAnglesHint.x
      value: 0
      objectReference: {fileID: 0}
    - target: {fileID: 8216003788662187590, guid: eb3f0b9d27dc36d4b8667695b4c04a21, type: 3}
      propertyPath: m_LocalEulerAnglesHint.y
      value: 0
      objectReference: {fileID: 0}
    - target: {fileID: 8216003788662187590, guid: eb3f0b9d27dc36d4b8667695b4c04a21, type: 3}
      propertyPath: m_LocalEulerAnglesHint.z
      value: 0
      objectReference: {fileID: 0}
    m_RemovedComponents: []
  m_SourcePrefab: {fileID: 100100000, guid: eb3f0b9d27dc36d4b8667695b4c04a21, type: 3}
--- !u!224 &1549947489367746008 stripped
RectTransform:
  m_CorrespondingSourceObject: {fileID: 8216003788662187590, guid: eb3f0b9d27dc36d4b8667695b4c04a21, type: 3}
  m_PrefabInstance: {fileID: 7460106052604576670}
  m_PrefabAsset: {fileID: 0}
--- !u!114 &1549947489367746012 stripped
MonoBehaviour:
  m_CorrespondingSourceObject: {fileID: 8216003788662187586, guid: eb3f0b9d27dc36d4b8667695b4c04a21, type: 3}
  m_PrefabInstance: {fileID: 7460106052604576670}
  m_PrefabAsset: {fileID: 0}
  m_GameObject: {fileID: 0}
  m_Enabled: 1
  m_EditorHideFlags: 0
  m_Script: {fileID: 11500000, guid: 2505184c6e081b940a2da41a6bbcd7e7, type: 3}
  m_Name: 
  m_EditorClassIdentifier: 
