%YAML 1.1
%TAG !u! tag:unity3d.com,2011:
--- !u!1 &135195014643400191
GameObject:
  m_ObjectHideFlags: 0
  m_CorrespondingSourceObject: {fileID: 0}
  m_PrefabInstance: {fileID: 0}
  m_PrefabAsset: {fileID: 0}
  serializedVersion: 6
  m_Component:
  - component: {fileID: 7060262748336084661}
  - component: {fileID: 928921314293195685}
  m_Layer: 10
  m_Name: '0-20: 0.5 Reducer'
  m_TagString: Untagged
  m_Icon: {fileID: 0}
  m_NavMeshLayer: 0
  m_StaticEditorFlags: 0
  m_IsActive: 1
--- !u!4 &7060262748336084661
Transform:
  m_ObjectHideFlags: 0
  m_CorrespondingSourceObject: {fileID: 0}
  m_PrefabInstance: {fileID: 0}
  m_PrefabAsset: {fileID: 0}
  m_GameObject: {fileID: 135195014643400191}
  m_LocalRotation: {x: 0, y: 0, z: 0, w: 1}
  m_LocalPosition: {x: 0, y: 0, z: 0}
  m_LocalScale: {x: 1, y: 1, z: 1}
  m_Children: []
  m_Father: {fileID: 5204036046475168828}
  m_RootOrder: 1
  m_LocalEulerAnglesHint: {x: 0, y: 0, z: 0}
--- !u!114 &928921314293195685
MonoBehaviour:
  m_ObjectHideFlags: 0
  m_CorrespondingSourceObject: {fileID: 0}
  m_PrefabInstance: {fileID: 0}
  m_PrefabAsset: {fileID: 0}
  m_GameObject: {fileID: 135195014643400191}
  m_Enabled: 1
  m_EditorHideFlags: 0
  m_Script: {fileID: 11500000, guid: c07ebe98f68a8ec4785d955c2fd8ea17, type: 3}
  m_Name: 
  m_EditorClassIdentifier: 
  tower: {fileID: 0}
  range:
    start: 0
    end: 20
  attackSystem: {fileID: 5198260215605818772}
  damageReduceMultiplier: 0.5
  previewData:
    effectDescription: 
    effectPreview: {fileID: 0}
  addPreview: 0
--- !u!1 &207404741027467635
GameObject:
  m_ObjectHideFlags: 0
  m_CorrespondingSourceObject: {fileID: 0}
  m_PrefabInstance: {fileID: 0}
  m_PrefabAsset: {fileID: 0}
  serializedVersion: 6
  m_Component:
  - component: {fileID: 8588059366398435758}
  m_Layer: 10
  m_Name: Level3
  m_TagString: Untagged
  m_Icon: {fileID: 0}
  m_NavMeshLayer: 0
  m_StaticEditorFlags: 0
  m_IsActive: 1
--- !u!4 &8588059366398435758
Transform:
  m_ObjectHideFlags: 0
  m_CorrespondingSourceObject: {fileID: 0}
  m_PrefabInstance: {fileID: 0}
  m_PrefabAsset: {fileID: 0}
  m_GameObject: {fileID: 207404741027467635}
  m_LocalRotation: {x: 0, y: 0, z: 0, w: 1}
  m_LocalPosition: {x: 0, y: 0, z: 0}
  m_LocalScale: {x: 1, y: 1, z: 1}
  m_Children:
  - {fileID: 5255037059942647926}
  - {fileID: 1538124603874900119}
  - {fileID: 1172158496095362309}
  m_Father: {fileID: 8448152465308363185}
  m_RootOrder: 3
  m_LocalEulerAnglesHint: {x: 0, y: 0, z: 0}
--- !u!1 &1618267973433636682
GameObject:
  m_ObjectHideFlags: 0
  m_CorrespondingSourceObject: {fileID: 0}
  m_PrefabInstance: {fileID: 0}
  m_PrefabAsset: {fileID: 0}
  serializedVersion: 6
  m_Component:
  - component: {fileID: 2329738063280163053}
  - component: {fileID: 7943998921372722948}
  m_Layer: 10
  m_Name: Builder
  m_TagString: Untagged
  m_Icon: {fileID: 0}
  m_NavMeshLayer: 0
  m_StaticEditorFlags: 0
  m_IsActive: 1
--- !u!4 &2329738063280163053
Transform:
  m_ObjectHideFlags: 0
  m_CorrespondingSourceObject: {fileID: 0}
  m_PrefabInstance: {fileID: 0}
  m_PrefabAsset: {fileID: 0}
  m_GameObject: {fileID: 1618267973433636682}
  m_LocalRotation: {x: -0, y: -0, z: -0, w: 1}
  m_LocalPosition: {x: 0, y: 0, z: 0}
  m_LocalScale: {x: 1, y: 1, z: 1}
  m_Children: []
  m_Father: {fileID: 6893136764491154736}
  m_RootOrder: 4
  m_LocalEulerAnglesHint: {x: 0, y: 0, z: 0}
--- !u!114 &7943998921372722948
MonoBehaviour:
  m_ObjectHideFlags: 0
  m_CorrespondingSourceObject: {fileID: 0}
  m_PrefabInstance: {fileID: 0}
  m_PrefabAsset: {fileID: 0}
  m_GameObject: {fileID: 1618267973433636682}
  m_Enabled: 1
  m_EditorHideFlags: 0
  m_Script: {fileID: 11500000, guid: 9609c4d527e182948acaaf15663cb4e3, type: 3}
  m_Name: 
  m_EditorClassIdentifier: 
  demolishTimeMultiplier: 1
  fixingTimeMultiplier: 1
  towerLevel: 1
  cost:
    stock:
      wood: 5
      clay: 5
      iron: 5
    time: 6
  upgrades:
  - stock:
      wood: 5
      clay: 5
      iron: 4
    time: 5
  - stock:
      wood: 5
      clay: 5
      iron: 5
    time: 6
  upgrading: 0
  demolishing: 0
  staticBuild: 0
  efficientColors:
  - color: {r: 1, g: 1, b: 1, a: 1}
    range:
      start: 20
      end: 100
  - color: {r: 1, g: 0.6018832, b: 0, a: 1}
    range:
      start: 0
      end: 20
  - color: {r: 0.754717, g: 0.12968263, b: 0.11035956, a: 1}
    range:
      start: -1
      end: 0
  destroyPreviewData:
    effectDescription: 
    effectPreview: {fileID: 0}
--- !u!1 &1927436837984290426
GameObject:
  m_ObjectHideFlags: 0
  m_CorrespondingSourceObject: {fileID: 0}
  m_PrefabInstance: {fileID: 0}
  m_PrefabAsset: {fileID: 0}
  serializedVersion: 6
  m_Component:
  - component: {fileID: 8448152465308363185}
  - component: {fileID: 5214894444834698297}
  m_Layer: 10
  m_Name: GraphicsSystem
  m_TagString: Untagged
  m_Icon: {fileID: 0}
  m_NavMeshLayer: 0
  m_StaticEditorFlags: 0
  m_IsActive: 1
--- !u!4 &8448152465308363185
Transform:
  m_ObjectHideFlags: 0
  m_CorrespondingSourceObject: {fileID: 0}
  m_PrefabInstance: {fileID: 0}
  m_PrefabAsset: {fileID: 0}
  m_GameObject: {fileID: 1927436837984290426}
  m_LocalRotation: {x: -0, y: -0, z: -0, w: 1}
  m_LocalPosition: {x: 0, y: 0, z: 0}
  m_LocalScale: {x: 1, y: 1, z: 1}
  m_Children:
  - {fileID: 8368541338946591939}
  - {fileID: 6760676707072734640}
  - {fileID: 6183297584297209112}
  - {fileID: 8588059366398435758}
  m_Father: {fileID: 6893136764491154736}
  m_RootOrder: 3
  m_LocalEulerAnglesHint: {x: 0, y: 0, z: 0}
--- !u!114 &5214894444834698297
MonoBehaviour:
  m_ObjectHideFlags: 0
  m_CorrespondingSourceObject: {fileID: 0}
  m_PrefabInstance: {fileID: 0}
  m_PrefabAsset: {fileID: 0}
  m_GameObject: {fileID: 1927436837984290426}
  m_Enabled: 1
  m_EditorHideFlags: 0
  m_Script: {fileID: 11500000, guid: d0ae646dacb812d4e940d8e40f63a1e7, type: 3}
  m_Name: 
  m_EditorClassIdentifier: 
  graphicsData:
    attackEntities:
    - {fileID: 9192714193045290659}
    attackableAnimators:
    - {fileID: 9192714193045290659}
    visualSprites:
    - {fileID: 4806967055243871042}
    - {fileID: 6068976043553151916}
    buildSprite: {fileID: 21300000, guid: cd5523fbae62040479fed2c7331d35fa, type: 3}
  buildRenderer: {fileID: 2733112831388599052}
  upgradeData:
  - attackEntities:
    - {fileID: 4494299099740288369}
    attackableAnimators:
    - {fileID: 4494299099740288369}
    visualSprites:
    - {fileID: 3212263503665386381}
    - {fileID: 7386372517858338316}
    buildSprite: {fileID: 21300000, guid: bb5f029e75b01af448b46341588becd3, type: 3}
  - attackEntities:
    - {fileID: 2922619286499523463}
    - {fileID: 8997634131228671609}
    attackableAnimators:
    - {fileID: 2922619286499523463}
    - {fileID: 8997634131228671609}
    visualSprites:
    - {fileID: 7982628889397045752}
    - {fileID: 7243445570602770484}
    - {fileID: 193647146687740286}
    buildSprite: {fileID: 21300000, guid: de69cb62265dd8d40aae63ed9f4fc8e1, type: 3}
--- !u!1 &3143168052600142334
GameObject:
  m_ObjectHideFlags: 0
  m_CorrespondingSourceObject: {fileID: 0}
  m_PrefabInstance: {fileID: 0}
  m_PrefabAsset: {fileID: 0}
  serializedVersion: 6
  m_Component:
  - component: {fileID: 7283746044414218291}
  - component: {fileID: 7386372517858338316}
  m_Layer: 10
  m_Name: Tower2
  m_TagString: Untagged
  m_Icon: {fileID: 0}
  m_NavMeshLayer: 0
  m_StaticEditorFlags: 0
  m_IsActive: 0
--- !u!4 &7283746044414218291
Transform:
  m_ObjectHideFlags: 0
  m_CorrespondingSourceObject: {fileID: 0}
  m_PrefabInstance: {fileID: 0}
  m_PrefabAsset: {fileID: 0}
  m_GameObject: {fileID: 3143168052600142334}
  m_LocalRotation: {x: -0, y: -0, z: -0, w: 1}
  m_LocalPosition: {x: 0, y: -0.1, z: 0}
  m_LocalScale: {x: 1, y: 1, z: 1}
  m_Children: []
  m_Father: {fileID: 6183297584297209112}
  m_RootOrder: 0
  m_LocalEulerAnglesHint: {x: 0, y: 0, z: 0}
--- !u!212 &7386372517858338316
SpriteRenderer:
  m_ObjectHideFlags: 0
  m_CorrespondingSourceObject: {fileID: 0}
  m_PrefabInstance: {fileID: 0}
  m_PrefabAsset: {fileID: 0}
  m_GameObject: {fileID: 3143168052600142334}
  m_Enabled: 1
  m_CastShadows: 0
  m_ReceiveShadows: 0
  m_DynamicOccludee: 1
  m_MotionVectors: 1
  m_LightProbeUsage: 1
  m_ReflectionProbeUsage: 1
  m_RayTracingMode: 0
  m_RayTraceProcedural: 0
  m_RenderingLayerMask: 1
  m_RendererPriority: 0
  m_Materials:
  - {fileID: 2100000, guid: 719ee8054bc9ceb4ea273faa7d5ca2bf, type: 2}
  m_StaticBatchInfo:
    firstSubMesh: 0
    subMeshCount: 0
  m_StaticBatchRoot: {fileID: 0}
  m_ProbeAnchor: {fileID: 0}
  m_LightProbeVolumeOverride: {fileID: 0}
  m_ScaleInLightmap: 1
  m_ReceiveGI: 1
  m_PreserveUVs: 0
  m_IgnoreNormalsForChartDetection: 0
  m_ImportantGI: 0
  m_StitchLightmapSeams: 1
  m_SelectedEditorRenderState: 0
  m_MinimumChartSize: 4
  m_AutoUVMaxDistance: 0.5
  m_AutoUVMaxAngle: 89
  m_LightmapParameters: {fileID: 0}
  m_SortingLayerID: 0
  m_SortingLayer: 0
  m_SortingOrder: 5
  m_Sprite: {fileID: 21300000, guid: 0bda3d62df9b9c04c878d5d2ae5e8aaa, type: 3}
  m_Color: {r: 1, g: 1, b: 1, a: 1}
  m_FlipX: 0
  m_FlipY: 0
  m_DrawMode: 0
  m_Size: {x: 1.68, y: 1.47}
  m_AdaptiveModeThreshold: 0.5
  m_SpriteTileMode: 0
  m_WasSpriteAssigned: 1
  m_MaskInteraction: 0
  m_SpriteSortPoint: 0
--- !u!1 &3469610345477758867
GameObject:
  m_ObjectHideFlags: 0
  m_CorrespondingSourceObject: {fileID: 0}
  m_PrefabInstance: {fileID: 0}
  m_PrefabAsset: {fileID: 0}
  serializedVersion: 6
  m_Component:
  - component: {fileID: 5204036046475168828}
  - component: {fileID: 5230969222354286605}
  m_Layer: 10
  m_Name: AttackReducer
  m_TagString: Untagged
  m_Icon: {fileID: 0}
  m_NavMeshLayer: 0
  m_StaticEditorFlags: 0
  m_IsActive: 1
--- !u!4 &5204036046475168828
Transform:
  m_ObjectHideFlags: 0
  m_CorrespondingSourceObject: {fileID: 0}
  m_PrefabInstance: {fileID: 0}
  m_PrefabAsset: {fileID: 0}
  m_GameObject: {fileID: 3469610345477758867}
  m_LocalRotation: {x: -0, y: -0, z: -0, w: 1}
  m_LocalPosition: {x: 0, y: 0, z: 0}
  m_LocalScale: {x: 1, y: 1, z: 1}
  m_Children:
  - {fileID: 8056619968688008456}
  - {fileID: 7060262748336084661}
  - {fileID: 8048227418184592234}
  m_Father: {fileID: 6893136764491154736}
  m_RootOrder: 5
  m_LocalEulerAnglesHint: {x: 0, y: 0, z: 0}
--- !u!114 &5230969222354286605
MonoBehaviour:
  m_ObjectHideFlags: 0
  m_CorrespondingSourceObject: {fileID: 0}
  m_PrefabInstance: {fileID: 0}
  m_PrefabAsset: {fileID: 0}
  m_GameObject: {fileID: 3469610345477758867}
  m_Enabled: 1
  m_EditorHideFlags: 0
  m_Script: {fileID: 11500000, guid: d84ce234812cbd84488c225db673f470, type: 3}
  m_Name: 
  m_EditorClassIdentifier: 
  reducers:
  - {fileID: 4022337676003694252}
  - {fileID: 928921314293195685}
  - {fileID: 2306472318026163053}
  currentReducer: {fileID: 0}
--- !u!1 &3913345485665640357
GameObject:
  m_ObjectHideFlags: 0
  m_CorrespondingSourceObject: {fileID: 0}
  m_PrefabInstance: {fileID: 0}
  m_PrefabAsset: {fileID: 0}
  serializedVersion: 6
  m_Component:
  - component: {fileID: 8368541338946591939}
  - component: {fileID: 2733112831388599052}
  m_Layer: 10
  m_Name: UpgradeSprite
  m_TagString: Untagged
  m_Icon: {fileID: 0}
  m_NavMeshLayer: 0
  m_StaticEditorFlags: 0
  m_IsActive: 0
--- !u!4 &8368541338946591939
Transform:
  m_ObjectHideFlags: 0
  m_CorrespondingSourceObject: {fileID: 0}
  m_PrefabInstance: {fileID: 0}
  m_PrefabAsset: {fileID: 0}
  m_GameObject: {fileID: 3913345485665640357}
  m_LocalRotation: {x: -0, y: -0, z: -0, w: 1}
  m_LocalPosition: {x: 0, y: 0, z: 0}
  m_LocalScale: {x: 1, y: 1, z: 1}
  m_Children: []
  m_Father: {fileID: 8448152465308363185}
  m_RootOrder: 0
  m_LocalEulerAnglesHint: {x: 0, y: 0, z: 0}
--- !u!212 &2733112831388599052
SpriteRenderer:
  m_ObjectHideFlags: 0
  m_CorrespondingSourceObject: {fileID: 0}
  m_PrefabInstance: {fileID: 0}
  m_PrefabAsset: {fileID: 0}
  m_GameObject: {fileID: 3913345485665640357}
  m_Enabled: 1
  m_CastShadows: 0
  m_ReceiveShadows: 0
  m_DynamicOccludee: 1
  m_MotionVectors: 1
  m_LightProbeUsage: 1
  m_ReflectionProbeUsage: 1
  m_RayTracingMode: 0
  m_RayTraceProcedural: 0
  m_RenderingLayerMask: 1
  m_RendererPriority: 0
  m_Materials:
  - {fileID: 2100000, guid: 8b0904ac2eecdf447bd2f2e9b259692c, type: 2}
  m_StaticBatchInfo:
    firstSubMesh: 0
    subMeshCount: 0
  m_StaticBatchRoot: {fileID: 0}
  m_ProbeAnchor: {fileID: 0}
  m_LightProbeVolumeOverride: {fileID: 0}
  m_ScaleInLightmap: 1
  m_ReceiveGI: 1
  m_PreserveUVs: 0
  m_IgnoreNormalsForChartDetection: 0
  m_ImportantGI: 0
  m_StitchLightmapSeams: 1
  m_SelectedEditorRenderState: 0
  m_MinimumChartSize: 4
  m_AutoUVMaxDistance: 0.5
  m_AutoUVMaxAngle: 89
  m_LightmapParameters: {fileID: 0}
  m_SortingLayerID: 0
  m_SortingLayer: 0
  m_SortingOrder: 1
  m_Sprite: {fileID: 21300000, guid: de69cb62265dd8d40aae63ed9f4fc8e1, type: 3}
  m_Color: {r: 1, g: 1, b: 1, a: 1}
  m_FlipX: 0
  m_FlipY: 0
  m_DrawMode: 0
  m_Size: {x: 5.25, y: 5.83}
  m_AdaptiveModeThreshold: 0.5
  m_SpriteTileMode: 0
  m_WasSpriteAssigned: 1
  m_MaskInteraction: 0
  m_SpriteSortPoint: 0
--- !u!1 &4166192830557337229
GameObject:
  m_ObjectHideFlags: 0
  m_CorrespondingSourceObject: {fileID: 0}
  m_PrefabInstance: {fileID: 0}
  m_PrefabAsset: {fileID: 0}
  serializedVersion: 6
  m_Component:
  - component: {fileID: 5572545544895191510}
  - component: {fileID: 6068976043553151916}
  - component: {fileID: 9192714193045290659}
  - component: {fileID: 163337076149716215}
  m_Layer: 10
  m_Name: Elf1
  m_TagString: Untagged
  m_Icon: {fileID: 0}
  m_NavMeshLayer: 0
  m_StaticEditorFlags: 0
  m_IsActive: 1
--- !u!4 &5572545544895191510
Transform:
  m_ObjectHideFlags: 0
  m_CorrespondingSourceObject: {fileID: 0}
  m_PrefabInstance: {fileID: 0}
  m_PrefabAsset: {fileID: 0}
  m_GameObject: {fileID: 4166192830557337229}
  m_LocalRotation: {x: -0, y: -0, z: -0, w: 1}
  m_LocalPosition: {x: -0.07399981, y: 0.69299996, z: 0}
  m_LocalScale: {x: 1, y: 1, z: 1}
  m_Children: []
  m_Father: {fileID: 6760676707072734640}
  m_RootOrder: 1
  m_LocalEulerAnglesHint: {x: 0, y: 0, z: 0}
--- !u!212 &6068976043553151916
SpriteRenderer:
  m_ObjectHideFlags: 0
  m_CorrespondingSourceObject: {fileID: 0}
  m_PrefabInstance: {fileID: 0}
  m_PrefabAsset: {fileID: 0}
  m_GameObject: {fileID: 4166192830557337229}
  m_Enabled: 1
  m_CastShadows: 0
  m_ReceiveShadows: 0
  m_DynamicOccludee: 1
  m_MotionVectors: 1
  m_LightProbeUsage: 1
  m_ReflectionProbeUsage: 1
  m_RayTracingMode: 0
  m_RayTraceProcedural: 0
  m_RenderingLayerMask: 1
  m_RendererPriority: 0
  m_Materials:
  - {fileID: 2100000, guid: 719ee8054bc9ceb4ea273faa7d5ca2bf, type: 2}
  m_StaticBatchInfo:
    firstSubMesh: 0
    subMeshCount: 0
  m_StaticBatchRoot: {fileID: 0}
  m_ProbeAnchor: {fileID: 0}
  m_LightProbeVolumeOverride: {fileID: 0}
  m_ScaleInLightmap: 1
  m_ReceiveGI: 1
  m_PreserveUVs: 0
  m_IgnoreNormalsForChartDetection: 0
  m_ImportantGI: 0
  m_StitchLightmapSeams: 1
  m_SelectedEditorRenderState: 0
  m_MinimumChartSize: 4
  m_AutoUVMaxDistance: 0.5
  m_AutoUVMaxAngle: 89
  m_LightmapParameters: {fileID: 0}
  m_SortingLayerID: 0
  m_SortingLayer: 0
  m_SortingOrder: 6
  m_Sprite: {fileID: 21300000, guid: 4d1fd8451e822ae4cbe1a7b93b899678, type: 3}
  m_Color: {r: 1, g: 1, b: 1, a: 1}
  m_FlipX: 0
  m_FlipY: 0
  m_DrawMode: 0
  m_Size: {x: 0.37, y: 0.45}
  m_AdaptiveModeThreshold: 0.5
  m_SpriteTileMode: 0
  m_WasSpriteAssigned: 1
  m_MaskInteraction: 0
  m_SpriteSortPoint: 0
--- !u!114 &9192714193045290659
MonoBehaviour:
  m_ObjectHideFlags: 0
  m_CorrespondingSourceObject: {fileID: 0}
  m_PrefabInstance: {fileID: 0}
  m_PrefabAsset: {fileID: 0}
  m_GameObject: {fileID: 4166192830557337229}
  m_Enabled: 1
  m_EditorHideFlags: 0
  m_Script: {fileID: 11500000, guid: ac2fa18782797b44cb9b1e0c40135f2d, type: 3}
  m_Name: 
  m_EditorClassIdentifier: 
  renderer: {fileID: 6068976043553151916}
  animator: {fileID: 163337076149716215}
  attackPoint: {fileID: 5572545544895191510}
--- !u!95 &163337076149716215
Animator:
  serializedVersion: 3
  m_ObjectHideFlags: 0
  m_CorrespondingSourceObject: {fileID: 0}
  m_PrefabInstance: {fileID: 0}
  m_PrefabAsset: {fileID: 0}
  m_GameObject: {fileID: 4166192830557337229}
  m_Enabled: 1
  m_Avatar: {fileID: 0}
  m_Controller: {fileID: 22100000, guid: 0bbb88bf4cbde14408d5828d60c533a1, type: 2}
  m_CullingMode: 0
  m_UpdateMode: 0
  m_ApplyRootMotion: 0
  m_LinearVelocityBlending: 0
  m_WarningMessage: 
  m_HasTransformHierarchy: 1
  m_AllowConstantClipSamplingOptimization: 1
  m_KeepAnimatorControllerStateOnDisable: 0
--- !u!1 &4306254836249149766
GameObject:
  m_ObjectHideFlags: 0
  m_CorrespondingSourceObject: {fileID: 0}
  m_PrefabInstance: {fileID: 0}
  m_PrefabAsset: {fileID: 0}
  serializedVersion: 6
  m_Component:
  - component: {fileID: 8048227418184592234}
  - component: {fileID: 2306472318026163053}
  m_Layer: 10
  m_Name: '0-0: 0 Reducer'
  m_TagString: Untagged
  m_Icon: {fileID: 0}
  m_NavMeshLayer: 0
  m_StaticEditorFlags: 0
  m_IsActive: 1
--- !u!4 &8048227418184592234
Transform:
  m_ObjectHideFlags: 0
  m_CorrespondingSourceObject: {fileID: 0}
  m_PrefabInstance: {fileID: 0}
  m_PrefabAsset: {fileID: 0}
  m_GameObject: {fileID: 4306254836249149766}
  m_LocalRotation: {x: 0, y: 0, z: 0, w: 1}
  m_LocalPosition: {x: 0, y: 0, z: 0}
  m_LocalScale: {x: 1, y: 1, z: 1}
  m_Children: []
  m_Father: {fileID: 5204036046475168828}
  m_RootOrder: 2
  m_LocalEulerAnglesHint: {x: 0, y: 0, z: 0}
--- !u!114 &2306472318026163053
MonoBehaviour:
  m_ObjectHideFlags: 0
  m_CorrespondingSourceObject: {fileID: 0}
  m_PrefabInstance: {fileID: 0}
  m_PrefabAsset: {fileID: 0}
  m_GameObject: {fileID: 4306254836249149766}
  m_Enabled: 1
  m_EditorHideFlags: 0
  m_Script: {fileID: 11500000, guid: 8f3d0a90154b17a42a7c2063189fae0e, type: 3}
  m_Name: 
  m_EditorClassIdentifier: 
  tower: {fileID: 0}
  range:
    start: -1
    end: 1
  attackSystem: {fileID: 5198260215605818772}
  damageReduceMultiplier: 0
  previewData:
    effectDescription: 
    effectPreview: {fileID: 0}
  addPreview: 0
--- !u!1 &5379431235760736243
GameObject:
  m_ObjectHideFlags: 0
  m_CorrespondingSourceObject: {fileID: 0}
  m_PrefabInstance: {fileID: 0}
  m_PrefabAsset: {fileID: 0}
  serializedVersion: 6
  m_Component:
  - component: {fileID: 6183297584297209112}
  m_Layer: 10
  m_Name: Level2
  m_TagString: Untagged
  m_Icon: {fileID: 0}
  m_NavMeshLayer: 0
  m_StaticEditorFlags: 0
  m_IsActive: 1
--- !u!4 &6183297584297209112
Transform:
  m_ObjectHideFlags: 0
  m_CorrespondingSourceObject: {fileID: 0}
  m_PrefabInstance: {fileID: 0}
  m_PrefabAsset: {fileID: 0}
  m_GameObject: {fileID: 5379431235760736243}
  m_LocalRotation: {x: 0, y: 0, z: 0, w: 1}
  m_LocalPosition: {x: 0, y: 0, z: 0}
  m_LocalScale: {x: 1, y: 1, z: 1}
  m_Children:
  - {fileID: 7283746044414218291}
  - {fileID: 4518398657074103679}
  m_Father: {fileID: 8448152465308363185}
  m_RootOrder: 2
  m_LocalEulerAnglesHint: {x: 0, y: 0, z: 0}
--- !u!1 &6087893902579969867
GameObject:
  m_ObjectHideFlags: 0
  m_CorrespondingSourceObject: {fileID: 0}
  m_PrefabInstance: {fileID: 0}
  m_PrefabAsset: {fileID: 0}
  serializedVersion: 6
  m_Component:
  - component: {fileID: 4518398657074103679}
  - component: {fileID: 3212263503665386381}
  - component: {fileID: 4494299099740288369}
  - component: {fileID: 2665983397528090607}
  m_Layer: 10
  m_Name: Elf2
  m_TagString: Untagged
  m_Icon: {fileID: 0}
  m_NavMeshLayer: 0
  m_StaticEditorFlags: 0
  m_IsActive: 0
--- !u!4 &4518398657074103679
Transform:
  m_ObjectHideFlags: 0
  m_CorrespondingSourceObject: {fileID: 0}
  m_PrefabInstance: {fileID: 0}
  m_PrefabAsset: {fileID: 0}
  m_GameObject: {fileID: 6087893902579969867}
  m_LocalRotation: {x: -0, y: -0, z: -0, w: 1}
  m_LocalPosition: {x: -0.039, y: 0.686, z: 0}
  m_LocalScale: {x: 1, y: 1, z: 1}
  m_Children: []
  m_Father: {fileID: 6183297584297209112}
  m_RootOrder: 1
  m_LocalEulerAnglesHint: {x: 0, y: 0, z: 0}
--- !u!212 &3212263503665386381
SpriteRenderer:
  m_ObjectHideFlags: 0
  m_CorrespondingSourceObject: {fileID: 0}
  m_PrefabInstance: {fileID: 0}
  m_PrefabAsset: {fileID: 0}
  m_GameObject: {fileID: 6087893902579969867}
  m_Enabled: 1
  m_CastShadows: 0
  m_ReceiveShadows: 0
  m_DynamicOccludee: 1
  m_MotionVectors: 1
  m_LightProbeUsage: 1
  m_ReflectionProbeUsage: 1
  m_RayTracingMode: 0
  m_RayTraceProcedural: 0
  m_RenderingLayerMask: 1
  m_RendererPriority: 0
  m_Materials:
  - {fileID: 2100000, guid: 719ee8054bc9ceb4ea273faa7d5ca2bf, type: 2}
  m_StaticBatchInfo:
    firstSubMesh: 0
    subMeshCount: 0
  m_StaticBatchRoot: {fileID: 0}
  m_ProbeAnchor: {fileID: 0}
  m_LightProbeVolumeOverride: {fileID: 0}
  m_ScaleInLightmap: 1
  m_ReceiveGI: 1
  m_PreserveUVs: 0
  m_IgnoreNormalsForChartDetection: 0
  m_ImportantGI: 0
  m_StitchLightmapSeams: 1
  m_SelectedEditorRenderState: 0
  m_MinimumChartSize: 4
  m_AutoUVMaxDistance: 0.5
  m_AutoUVMaxAngle: 89
  m_LightmapParameters: {fileID: 0}
  m_SortingLayerID: 0
  m_SortingLayer: 0
  m_SortingOrder: 6
  m_Sprite: {fileID: 21300000, guid: 1d0336c003c6da94292ab933d2d74a63, type: 3}
  m_Color: {r: 1, g: 1, b: 1, a: 1}
  m_FlipX: 0
  m_FlipY: 0
  m_DrawMode: 0
  m_Size: {x: 0.37, y: 0.45}
  m_AdaptiveModeThreshold: 0.5
  m_SpriteTileMode: 0
  m_WasSpriteAssigned: 1
  m_MaskInteraction: 0
  m_SpriteSortPoint: 0
--- !u!114 &4494299099740288369
MonoBehaviour:
  m_ObjectHideFlags: 0
  m_CorrespondingSourceObject: {fileID: 0}
  m_PrefabInstance: {fileID: 0}
  m_PrefabAsset: {fileID: 0}
  m_GameObject: {fileID: 6087893902579969867}
  m_Enabled: 1
  m_EditorHideFlags: 0
  m_Script: {fileID: 11500000, guid: ac2fa18782797b44cb9b1e0c40135f2d, type: 3}
  m_Name: 
  m_EditorClassIdentifier: 
  renderer: {fileID: 3212263503665386381}
  animator: {fileID: 2665983397528090607}
  attackPoint: {fileID: 4518398657074103679}
--- !u!95 &2665983397528090607
Animator:
  serializedVersion: 3
  m_ObjectHideFlags: 0
  m_CorrespondingSourceObject: {fileID: 0}
  m_PrefabInstance: {fileID: 0}
  m_PrefabAsset: {fileID: 0}
  m_GameObject: {fileID: 6087893902579969867}
  m_Enabled: 1
  m_Avatar: {fileID: 0}
  m_Controller: {fileID: 22100000, guid: 0df5d963e9f9e95469fcc43516c392c5, type: 2}
  m_CullingMode: 0
  m_UpdateMode: 0
  m_ApplyRootMotion: 0
  m_LinearVelocityBlending: 0
  m_WarningMessage: 
  m_HasTransformHierarchy: 1
  m_AllowConstantClipSamplingOptimization: 1
  m_KeepAnimatorControllerStateOnDisable: 0
--- !u!1 &6482279279941386768
GameObject:
  m_ObjectHideFlags: 0
  m_CorrespondingSourceObject: {fileID: 0}
  m_PrefabInstance: {fileID: 0}
  m_PrefabAsset: {fileID: 0}
  serializedVersion: 6
  m_Component:
  - component: {fileID: 6760676707072734640}
  m_Layer: 10
  m_Name: Level1
  m_TagString: Untagged
  m_Icon: {fileID: 0}
  m_NavMeshLayer: 0
  m_StaticEditorFlags: 0
  m_IsActive: 1
--- !u!4 &6760676707072734640
Transform:
  m_ObjectHideFlags: 0
  m_CorrespondingSourceObject: {fileID: 0}
  m_PrefabInstance: {fileID: 0}
  m_PrefabAsset: {fileID: 0}
  m_GameObject: {fileID: 6482279279941386768}
  m_LocalRotation: {x: 0, y: 0, z: 0, w: 1}
  m_LocalPosition: {x: 0, y: 0, z: 0}
  m_LocalScale: {x: 1, y: 1, z: 1}
  m_Children:
  - {fileID: 1911239612017729442}
  - {fileID: 5572545544895191510}
  m_Father: {fileID: 8448152465308363185}
  m_RootOrder: 1
  m_LocalEulerAnglesHint: {x: 0, y: 0, z: 0}
--- !u!1 &6893136764184887340
GameObject:
  m_ObjectHideFlags: 0
  m_CorrespondingSourceObject: {fileID: 0}
  m_PrefabInstance: {fileID: 0}
  m_PrefabAsset: {fileID: 0}
  serializedVersion: 6
  m_Component:
  - component: {fileID: 6893136764184887341}
  - component: {fileID: 6893136764184887342}
  m_Layer: 10
  m_Name: RangeVisualizer
  m_TagString: Untagged
  m_Icon: {fileID: 0}
  m_NavMeshLayer: 0
  m_StaticEditorFlags: 0
  m_IsActive: 0
--- !u!4 &6893136764184887341
Transform:
  m_ObjectHideFlags: 0
  m_CorrespondingSourceObject: {fileID: 0}
  m_PrefabInstance: {fileID: 0}
  m_PrefabAsset: {fileID: 0}
  m_GameObject: {fileID: 6893136764184887340}
  m_LocalRotation: {x: 0, y: 0, z: 0, w: 1}
  m_LocalPosition: {x: 0, y: 0, z: 0}
  m_LocalScale: {x: 5, y: 5, z: 1}
  m_Children: []
  m_Father: {fileID: 6893136764491154736}
  m_RootOrder: 0
  m_LocalEulerAnglesHint: {x: 0, y: 0, z: 0}
--- !u!212 &6893136764184887342
SpriteRenderer:
  m_ObjectHideFlags: 0
  m_CorrespondingSourceObject: {fileID: 0}
  m_PrefabInstance: {fileID: 0}
  m_PrefabAsset: {fileID: 0}
  m_GameObject: {fileID: 6893136764184887340}
  m_Enabled: 1
  m_CastShadows: 0
  m_ReceiveShadows: 0
  m_DynamicOccludee: 1
  m_MotionVectors: 1
  m_LightProbeUsage: 1
  m_ReflectionProbeUsage: 1
  m_RayTracingMode: 0
  m_RayTraceProcedural: 0
  m_RenderingLayerMask: 1
  m_RendererPriority: 0
  m_Materials:
  - {fileID: 10754, guid: 0000000000000000f000000000000000, type: 0}
  m_StaticBatchInfo:
    firstSubMesh: 0
    subMeshCount: 0
  m_StaticBatchRoot: {fileID: 0}
  m_ProbeAnchor: {fileID: 0}
  m_LightProbeVolumeOverride: {fileID: 0}
  m_ScaleInLightmap: 1
  m_ReceiveGI: 1
  m_PreserveUVs: 0
  m_IgnoreNormalsForChartDetection: 0
  m_ImportantGI: 0
  m_StitchLightmapSeams: 1
  m_SelectedEditorRenderState: 0
  m_MinimumChartSize: 4
  m_AutoUVMaxDistance: 0.5
  m_AutoUVMaxAngle: 89
  m_LightmapParameters: {fileID: 0}
  m_SortingLayerID: 0
  m_SortingLayer: 0
  m_SortingOrder: 3
  m_Sprite: {fileID: -2413806693520163455, guid: ebe73ca9363db456bacf42c025bb4847, type: 3}
  m_Color: {r: 1, g: 1, b: 1, a: 0.23921569}
  m_FlipX: 0
  m_FlipY: 0
  m_DrawMode: 0
  m_Size: {x: 1, y: 1}
  m_AdaptiveModeThreshold: 0.5
  m_SpriteTileMode: 0
  m_WasSpriteAssigned: 1
  m_MaskInteraction: 0
  m_SpriteSortPoint: 0
--- !u!1 &6893136764491154701
GameObject:
  m_ObjectHideFlags: 0
  m_CorrespondingSourceObject: {fileID: 0}
  m_PrefabInstance: {fileID: 0}
  m_PrefabAsset: {fileID: 0}
  serializedVersion: 6
  m_Component:
  - component: {fileID: 6893136764491154736}
  - component: {fileID: 6759016494463299101}
  - component: {fileID: 6893136764491154702}
  - component: {fileID: 3427447300561276581}
  - component: {fileID: 712085809657600901}
  m_Layer: 11
  m_Name: ElfTower
  m_TagString: Untagged
  m_Icon: {fileID: 0}
  m_NavMeshLayer: 0
  m_StaticEditorFlags: 0
  m_IsActive: 1
--- !u!4 &6893136764491154736
Transform:
  m_ObjectHideFlags: 0
  m_CorrespondingSourceObject: {fileID: 0}
  m_PrefabInstance: {fileID: 0}
  m_PrefabAsset: {fileID: 0}
  m_GameObject: {fileID: 6893136764491154701}
  m_LocalRotation: {x: 0, y: 0, z: 0, w: 1}
  m_LocalPosition: {x: 0, y: 0, z: 0}
  m_LocalScale: {x: 0.8, y: 0.8, z: 1}
  m_Children:
  - {fileID: 6893136764184887341}
  - {fileID: 7580301964077353162}
  - {fileID: 7799681472891559839}
  - {fileID: 8448152465308363185}
  - {fileID: 2329738063280163053}
  - {fileID: 5204036046475168828}
  - {fileID: 3651825329823422543}
  m_Father: {fileID: 0}
  m_RootOrder: 0
  m_LocalEulerAnglesHint: {x: 0, y: 0, z: 0}
--- !u!61 &6759016494463299101
BoxCollider2D:
  m_ObjectHideFlags: 0
  m_CorrespondingSourceObject: {fileID: 0}
  m_PrefabInstance: {fileID: 0}
  m_PrefabAsset: {fileID: 0}
  m_GameObject: {fileID: 6893136764491154701}
  m_Enabled: 0
  m_Density: 1
  m_Material: {fileID: 0}
  m_IsTrigger: 0
  m_UsedByEffector: 0
  m_UsedByComposite: 0
  m_Offset: {x: -0.08349049, y: -0.027303934}
  m_SpriteTilingProperty:
    border: {x: 0, y: 0, z: 0, w: 0}
    pivot: {x: 0.5, y: 0.5}
    oldSize: {x: 1.68, y: 1.47}
    newSize: {x: 1.68, y: 1.47}
    adaptiveTilingThreshold: 0.5
    drawMode: 0
    adaptiveTiling: 0
  m_AutoTiling: 0
  serializedVersion: 2
  m_Size: {x: 1.3319767, y: 1.7108171}
  m_EdgeRadius: 0
--- !u!114 &6893136764491154702
MonoBehaviour:
  m_ObjectHideFlags: 0
  m_CorrespondingSourceObject: {fileID: 0}
  m_PrefabInstance: {fileID: 0}
  m_PrefabAsset: {fileID: 0}
  m_GameObject: {fileID: 6893136764491154701}
  m_Enabled: 1
  m_EditorHideFlags: 0
  m_Script: {fileID: 11500000, guid: 6f7d0d74c1182fd43967f229df987fd2, type: 3}
  m_Name: 
  m_EditorClassIdentifier: 
  graphicsSystem: {fileID: 5214894444834698297}
  guiManager: {fileID: 3427447300561276581}
  builder: {fileID: 7943998921372722948}
  rangeRenderer: {fileID: 6893136764184887342}
  boxCollider: {fileID: 6759016494463299101}
  collider: {fileID: 712085809657600901}
  towerName: Elf Tower
  range:
    data:
      coreValue: 60
      currentValue: 0
      buffValue: 0
      minValue: 12.8
    upgrades:
    - coreValue: 68
      currentValue: 0
      buffValue: 0
      minValue: 13.6
    - coreValue: 76
      currentValue: 0
      buffValue: 0
      minValue: 15.2
    level: 1
  effects: {fileID: 3002345781518279118}
  affectorsContainer:
    affectors: []
  towerCanvas: {fileID: 1181426455125207488}
  highlightColor: {r: 1, g: 1, b: 1, a: 1}
  blockColor: {r: 1, g: 0, b: 0, a: 1}
  snowballCoruptionRange:
    a: 0
    b: 10
  attackSystem: {fileID: 5198260215605818772}
--- !u!114 &3427447300561276581
MonoBehaviour:
  m_ObjectHideFlags: 0
  m_CorrespondingSourceObject: {fileID: 0}
  m_PrefabInstance: {fileID: 0}
  m_PrefabAsset: {fileID: 0}
  m_GameObject: {fileID: 6893136764491154701}
  m_Enabled: 0
  m_EditorHideFlags: 0
  m_Script: {fileID: 11500000, guid: 73bd365a37fac534ca62eb8b2192226b, type: 3}
  m_Name: 
  m_EditorClassIdentifier: 
  tower: {fileID: 6893136764491154702}
  guiComposables:
  - {fileID: 6893136764491154701}
  - {fileID: 2310886515212485668}
  - {fileID: 1618267973433636682}
  customTower: 0
--- !u!60 &712085809657600901
PolygonCollider2D:
  m_ObjectHideFlags: 0
  m_CorrespondingSourceObject: {fileID: 0}
  m_PrefabInstance: {fileID: 0}
  m_PrefabAsset: {fileID: 0}
  m_GameObject: {fileID: 6893136764491154701}
  m_Enabled: 1
  m_Density: 1
  m_Material: {fileID: 0}
  m_IsTrigger: 0
  m_UsedByEffector: 0
  m_UsedByComposite: 0
  m_Offset: {x: 0, y: 0}
  m_SpriteTilingProperty:
    border: {x: 0, y: 0, z: 0, w: 0}
    pivot: {x: 0, y: 0}
    oldSize: {x: 0, y: 0}
    newSize: {x: 0, y: 0}
    adaptiveTilingThreshold: 0
    drawMode: 0
    adaptiveTiling: 0
  m_AutoTiling: 0
  m_Points:
    m_Paths:
    - - {x: 0.47677016, y: 0.47192696}
      - {x: 0.35362583, y: 0.64601374}
      - {x: -0.10372804, y: 0.8012724}
      - {x: -0.57215333, y: 0.6404597}
      - {x: -0.70419365, y: 0.3880459}
      - {x: -0.749564, y: -0.696002}
      - {x: -0.07423863, y: -0.8731686}
      - {x: 0.5724407, y: -0.6586611}
      - {x: 0.5680758, y: -0.11841583}
--- !u!1 &7361981875609277298
GameObject:
  m_ObjectHideFlags: 0
  m_CorrespondingSourceObject: {fileID: 0}
  m_PrefabInstance: {fileID: 0}
  m_PrefabAsset: {fileID: 0}
  serializedVersion: 6
  m_Component:
  - component: {fileID: 7580301964077353162}
  - component: {fileID: 4084717936806104256}
  m_Layer: 10
  m_Name: Elf2
  m_TagString: Untagged
  m_Icon: {fileID: 0}
  m_NavMeshLayer: 0
  m_StaticEditorFlags: 0
  m_IsActive: 0
--- !u!4 &7580301964077353162
Transform:
  m_ObjectHideFlags: 0
  m_CorrespondingSourceObject: {fileID: 0}
  m_PrefabInstance: {fileID: 0}
  m_PrefabAsset: {fileID: 0}
  m_GameObject: {fileID: 7361981875609277298}
  m_LocalRotation: {x: -0, y: -0, z: -0, w: 1}
  m_LocalPosition: {x: -0.101, y: 0.904, z: 0}
  m_LocalScale: {x: 1, y: 1, z: 1}
  m_Children: []
  m_Father: {fileID: 6893136764491154736}
  m_RootOrder: 1
  m_LocalEulerAnglesHint: {x: 0, y: 0, z: 0}
--- !u!212 &4084717936806104256
SpriteRenderer:
  m_ObjectHideFlags: 0
  m_CorrespondingSourceObject: {fileID: 0}
  m_PrefabInstance: {fileID: 0}
  m_PrefabAsset: {fileID: 0}
  m_GameObject: {fileID: 7361981875609277298}
  m_Enabled: 1
  m_CastShadows: 0
  m_ReceiveShadows: 0
  m_DynamicOccludee: 1
  m_MotionVectors: 1
  m_LightProbeUsage: 1
  m_ReflectionProbeUsage: 1
  m_RayTracingMode: 0
  m_RayTraceProcedural: 0
  m_RenderingLayerMask: 1
  m_RendererPriority: 0
  m_Materials:
  - {fileID: 10754, guid: 0000000000000000f000000000000000, type: 0}
  m_StaticBatchInfo:
    firstSubMesh: 0
    subMeshCount: 0
  m_StaticBatchRoot: {fileID: 0}
  m_ProbeAnchor: {fileID: 0}
  m_LightProbeVolumeOverride: {fileID: 0}
  m_ScaleInLightmap: 1
  m_ReceiveGI: 1
  m_PreserveUVs: 0
  m_IgnoreNormalsForChartDetection: 0
  m_ImportantGI: 0
  m_StitchLightmapSeams: 1
  m_SelectedEditorRenderState: 0
  m_MinimumChartSize: 4
  m_AutoUVMaxDistance: 0.5
  m_AutoUVMaxAngle: 89
  m_LightmapParameters: {fileID: 0}
  m_SortingLayerID: 0
  m_SortingLayer: 0
  m_SortingOrder: 3
  m_Sprite: {fileID: 21300000, guid: e37c5e8fe22213b4ead063776b19c00b, type: 3}
  m_Color: {r: 1, g: 1, b: 1, a: 1}
  m_FlipX: 0
  m_FlipY: 0
  m_DrawMode: 0
  m_Size: {x: 0.37, y: 0.45}
  m_AdaptiveModeThreshold: 0.5
  m_SpriteTileMode: 0
  m_WasSpriteAssigned: 1
  m_MaskInteraction: 0
  m_SpriteSortPoint: 0
--- !u!1 &7378012312874008043
GameObject:
  m_ObjectHideFlags: 0
  m_CorrespondingSourceObject: {fileID: 0}
  m_PrefabInstance: {fileID: 0}
  m_PrefabAsset: {fileID: 0}
  serializedVersion: 6
  m_Component:
  - component: {fileID: 5255037059942647926}
  - component: {fileID: 7982628889397045752}
  m_Layer: 10
  m_Name: Tower3
  m_TagString: Untagged
  m_Icon: {fileID: 0}
  m_NavMeshLayer: 0
  m_StaticEditorFlags: 0
  m_IsActive: 0
--- !u!4 &5255037059942647926
Transform:
  m_ObjectHideFlags: 0
  m_CorrespondingSourceObject: {fileID: 0}
  m_PrefabInstance: {fileID: 0}
  m_PrefabAsset: {fileID: 0}
  m_GameObject: {fileID: 7378012312874008043}
  m_LocalRotation: {x: -0, y: -0, z: -0, w: 1}
  m_LocalPosition: {x: 0.001, y: -0.1, z: 0}
  m_LocalScale: {x: 1, y: 1, z: 1}
  m_Children: []
  m_Father: {fileID: 8588059366398435758}
  m_RootOrder: 0
  m_LocalEulerAnglesHint: {x: 0, y: 0, z: 0}
--- !u!212 &7982628889397045752
SpriteRenderer:
  m_ObjectHideFlags: 0
  m_CorrespondingSourceObject: {fileID: 0}
  m_PrefabInstance: {fileID: 0}
  m_PrefabAsset: {fileID: 0}
  m_GameObject: {fileID: 7378012312874008043}
  m_Enabled: 1
  m_CastShadows: 0
  m_ReceiveShadows: 0
  m_DynamicOccludee: 1
  m_MotionVectors: 1
  m_LightProbeUsage: 1
  m_ReflectionProbeUsage: 1
  m_RayTracingMode: 0
  m_RayTraceProcedural: 0
  m_RenderingLayerMask: 1
  m_RendererPriority: 0
  m_Materials:
  - {fileID: 2100000, guid: 719ee8054bc9ceb4ea273faa7d5ca2bf, type: 2}
  m_StaticBatchInfo:
    firstSubMesh: 0
    subMeshCount: 0
  m_StaticBatchRoot: {fileID: 0}
  m_ProbeAnchor: {fileID: 0}
  m_LightProbeVolumeOverride: {fileID: 0}
  m_ScaleInLightmap: 1
  m_ReceiveGI: 1
  m_PreserveUVs: 0
  m_IgnoreNormalsForChartDetection: 0
  m_ImportantGI: 0
  m_StitchLightmapSeams: 1
  m_SelectedEditorRenderState: 0
  m_MinimumChartSize: 4
  m_AutoUVMaxDistance: 0.5
  m_AutoUVMaxAngle: 89
  m_LightmapParameters: {fileID: 0}
  m_SortingLayerID: 0
  m_SortingLayer: 0
  m_SortingOrder: 5
  m_Sprite: {fileID: 21300000, guid: 70b3d51396c448f4f8958c3ed842213a, type: 3}
  m_Color: {r: 1, g: 1, b: 1, a: 1}
  m_FlipX: 0
  m_FlipY: 0
  m_DrawMode: 0
  m_Size: {x: 1.68, y: 1.47}
  m_AdaptiveModeThreshold: 0.5
  m_SpriteTileMode: 0
  m_WasSpriteAssigned: 1
  m_MaskInteraction: 0
  m_SpriteSortPoint: 0
--- !u!1 &8130165938623452800
GameObject:
  m_ObjectHideFlags: 0
  m_CorrespondingSourceObject: {fileID: 0}
  m_PrefabInstance: {fileID: 0}
  m_PrefabAsset: {fileID: 0}
  serializedVersion: 6
  m_Component:
  - component: {fileID: 1911239612017729442}
  - component: {fileID: 4806967055243871042}
  m_Layer: 10
  m_Name: Tower
  m_TagString: Untagged
  m_Icon: {fileID: 0}
  m_NavMeshLayer: 0
  m_StaticEditorFlags: 0
  m_IsActive: 1
--- !u!4 &1911239612017729442
Transform:
  m_ObjectHideFlags: 0
  m_CorrespondingSourceObject: {fileID: 0}
  m_PrefabInstance: {fileID: 0}
  m_PrefabAsset: {fileID: 0}
  m_GameObject: {fileID: 8130165938623452800}
  m_LocalRotation: {x: -0, y: -0, z: -0, w: 1}
  m_LocalPosition: {x: -0.002, y: -0.1, z: 0}
  m_LocalScale: {x: 1, y: 1, z: 1}
  m_Children: []
  m_Father: {fileID: 6760676707072734640}
  m_RootOrder: 0
  m_LocalEulerAnglesHint: {x: 0, y: 0, z: 0}
--- !u!212 &4806967055243871042
SpriteRenderer:
  m_ObjectHideFlags: 0
  m_CorrespondingSourceObject: {fileID: 0}
  m_PrefabInstance: {fileID: 0}
  m_PrefabAsset: {fileID: 0}
  m_GameObject: {fileID: 8130165938623452800}
  m_Enabled: 1
  m_CastShadows: 0
  m_ReceiveShadows: 0
  m_DynamicOccludee: 1
  m_MotionVectors: 1
  m_LightProbeUsage: 1
  m_ReflectionProbeUsage: 1
  m_RayTracingMode: 0
  m_RayTraceProcedural: 0
  m_RenderingLayerMask: 1
  m_RendererPriority: 0
  m_Materials:
  - {fileID: 2100000, guid: 719ee8054bc9ceb4ea273faa7d5ca2bf, type: 2}
  m_StaticBatchInfo:
    firstSubMesh: 0
    subMeshCount: 0
  m_StaticBatchRoot: {fileID: 0}
  m_ProbeAnchor: {fileID: 0}
  m_LightProbeVolumeOverride: {fileID: 0}
  m_ScaleInLightmap: 1
  m_ReceiveGI: 1
  m_PreserveUVs: 0
  m_IgnoreNormalsForChartDetection: 0
  m_ImportantGI: 0
  m_StitchLightmapSeams: 1
  m_SelectedEditorRenderState: 0
  m_MinimumChartSize: 4
  m_AutoUVMaxDistance: 0.5
  m_AutoUVMaxAngle: 89
  m_LightmapParameters: {fileID: 0}
  m_SortingLayerID: 0
  m_SortingLayer: 0
  m_SortingOrder: 5
  m_Sprite: {fileID: 21300000, guid: bc62ec1f825b91f419290052f8ea9ab7, type: 3}
  m_Color: {r: 1, g: 1, b: 1, a: 1}
  m_FlipX: 0
  m_FlipY: 0
  m_DrawMode: 0
  m_Size: {x: 1.68, y: 1.47}
  m_AdaptiveModeThreshold: 0.5
  m_SpriteTileMode: 0
  m_WasSpriteAssigned: 1
  m_MaskInteraction: 0
  m_SpriteSortPoint: 0
--- !u!1 &8270796761023982941
GameObject:
  m_ObjectHideFlags: 0
  m_CorrespondingSourceObject: {fileID: 0}
  m_PrefabInstance: {fileID: 0}
  m_PrefabAsset: {fileID: 0}
  serializedVersion: 6
  m_Component:
  - component: {fileID: 8056619968688008456}
  - component: {fileID: 4022337676003694252}
  m_Layer: 10
  m_Name: '20-100: 1 Reducer'
  m_TagString: Untagged
  m_Icon: {fileID: 0}
  m_NavMeshLayer: 0
  m_StaticEditorFlags: 0
  m_IsActive: 1
--- !u!4 &8056619968688008456
Transform:
  m_ObjectHideFlags: 0
  m_CorrespondingSourceObject: {fileID: 0}
  m_PrefabInstance: {fileID: 0}
  m_PrefabAsset: {fileID: 0}
  m_GameObject: {fileID: 8270796761023982941}
  m_LocalRotation: {x: 0, y: 0, z: 0, w: 1}
  m_LocalPosition: {x: 0, y: 0, z: 0}
  m_LocalScale: {x: 1, y: 1, z: 1}
  m_Children: []
  m_Father: {fileID: 5204036046475168828}
  m_RootOrder: 0
  m_LocalEulerAnglesHint: {x: 0, y: 0, z: 0}
--- !u!114 &4022337676003694252
MonoBehaviour:
  m_ObjectHideFlags: 0
  m_CorrespondingSourceObject: {fileID: 0}
  m_PrefabInstance: {fileID: 0}
  m_PrefabAsset: {fileID: 0}
  m_GameObject: {fileID: 8270796761023982941}
  m_Enabled: 1
  m_EditorHideFlags: 0
  m_Script: {fileID: 11500000, guid: c07ebe98f68a8ec4785d955c2fd8ea17, type: 3}
  m_Name: 
  m_EditorClassIdentifier: 
  tower: {fileID: 0}
  range:
    start: 20
    end: 100
  attackSystem: {fileID: 5198260215605818772}
  damageReduceMultiplier: 1
  previewData:
    effectDescription: 
    effectPreview: {fileID: 0}
  addPreview: 0
--- !u!1 &8872831377976533130
GameObject:
  m_ObjectHideFlags: 0
  m_CorrespondingSourceObject: {fileID: 0}
  m_PrefabInstance: {fileID: 0}
  m_PrefabAsset: {fileID: 0}
  serializedVersion: 6
  m_Component:
  - component: {fileID: 1538124603874900119}
  - component: {fileID: 7243445570602770484}
  - component: {fileID: 2922619286499523463}
  - component: {fileID: 7662562481829861508}
  m_Layer: 10
  m_Name: Elf3
  m_TagString: Untagged
  m_Icon: {fileID: 0}
  m_NavMeshLayer: 0
  m_StaticEditorFlags: 0
  m_IsActive: 0
--- !u!4 &1538124603874900119
Transform:
  m_ObjectHideFlags: 0
  m_CorrespondingSourceObject: {fileID: 0}
  m_PrefabInstance: {fileID: 0}
  m_PrefabAsset: {fileID: 0}
  m_GameObject: {fileID: 8872831377976533130}
  m_LocalRotation: {x: -0, y: -0, z: -0, w: 1}
  m_LocalPosition: {x: -0.21, y: 0.684, z: 0}
  m_LocalScale: {x: 1, y: 1, z: 1}
  m_Children: []
  m_Father: {fileID: 8588059366398435758}
  m_RootOrder: 1
  m_LocalEulerAnglesHint: {x: 0, y: 0, z: 0}
--- !u!212 &7243445570602770484
SpriteRenderer:
  m_ObjectHideFlags: 0
  m_CorrespondingSourceObject: {fileID: 0}
  m_PrefabInstance: {fileID: 0}
  m_PrefabAsset: {fileID: 0}
  m_GameObject: {fileID: 8872831377976533130}
  m_Enabled: 1
  m_CastShadows: 0
  m_ReceiveShadows: 0
  m_DynamicOccludee: 1
  m_MotionVectors: 1
  m_LightProbeUsage: 1
  m_ReflectionProbeUsage: 1
  m_RayTracingMode: 0
  m_RayTraceProcedural: 0
  m_RenderingLayerMask: 1
  m_RendererPriority: 0
  m_Materials:
  - {fileID: 2100000, guid: 719ee8054bc9ceb4ea273faa7d5ca2bf, type: 2}
  m_StaticBatchInfo:
    firstSubMesh: 0
    subMeshCount: 0
  m_StaticBatchRoot: {fileID: 0}
  m_ProbeAnchor: {fileID: 0}
  m_LightProbeVolumeOverride: {fileID: 0}
  m_ScaleInLightmap: 1
  m_ReceiveGI: 1
  m_PreserveUVs: 0
  m_IgnoreNormalsForChartDetection: 0
  m_ImportantGI: 0
  m_StitchLightmapSeams: 1
  m_SelectedEditorRenderState: 0
  m_MinimumChartSize: 4
  m_AutoUVMaxDistance: 0.5
  m_AutoUVMaxAngle: 89
  m_LightmapParameters: {fileID: 0}
  m_SortingLayerID: 0
  m_SortingLayer: 0
  m_SortingOrder: 6
  m_Sprite: {fileID: 21300000, guid: 1d0336c003c6da94292ab933d2d74a63, type: 3}
  m_Color: {r: 1, g: 1, b: 1, a: 1}
  m_FlipX: 0
  m_FlipY: 0
  m_DrawMode: 0
  m_Size: {x: 0.37, y: 0.45}
  m_AdaptiveModeThreshold: 0.5
  m_SpriteTileMode: 0
  m_WasSpriteAssigned: 1
  m_MaskInteraction: 0
  m_SpriteSortPoint: 0
--- !u!114 &2922619286499523463
MonoBehaviour:
  m_ObjectHideFlags: 0
  m_CorrespondingSourceObject: {fileID: 0}
  m_PrefabInstance: {fileID: 0}
  m_PrefabAsset: {fileID: 0}
  m_GameObject: {fileID: 8872831377976533130}
  m_Enabled: 1
  m_EditorHideFlags: 0
  m_Script: {fileID: 11500000, guid: ac2fa18782797b44cb9b1e0c40135f2d, type: 3}
  m_Name: 
  m_EditorClassIdentifier: 
  renderer: {fileID: 7243445570602770484}
  animator: {fileID: 7662562481829861508}
  attackPoint: {fileID: 1538124603874900119}
--- !u!95 &7662562481829861508
Animator:
  serializedVersion: 3
  m_ObjectHideFlags: 0
  m_CorrespondingSourceObject: {fileID: 0}
  m_PrefabInstance: {fileID: 0}
  m_PrefabAsset: {fileID: 0}
  m_GameObject: {fileID: 8872831377976533130}
  m_Enabled: 1
  m_Avatar: {fileID: 0}
  m_Controller: {fileID: 22100000, guid: 0df5d963e9f9e95469fcc43516c392c5, type: 2}
  m_CullingMode: 0
  m_UpdateMode: 0
  m_ApplyRootMotion: 0
  m_LinearVelocityBlending: 0
  m_WarningMessage: 
  m_HasTransformHierarchy: 1
  m_AllowConstantClipSamplingOptimization: 1
  m_KeepAnimatorControllerStateOnDisable: 0
--- !u!1 &9204274212667139218
GameObject:
  m_ObjectHideFlags: 0
  m_CorrespondingSourceObject: {fileID: 0}
  m_PrefabInstance: {fileID: 0}
  m_PrefabAsset: {fileID: 0}
  serializedVersion: 6
  m_Component:
  - component: {fileID: 1172158496095362309}
  - component: {fileID: 193647146687740286}
  - component: {fileID: 8997634131228671609}
  - component: {fileID: 6902413762798637809}
  m_Layer: 10
  m_Name: Elf3 (1)
  m_TagString: Untagged
  m_Icon: {fileID: 0}
  m_NavMeshLayer: 0
  m_StaticEditorFlags: 0
  m_IsActive: 0
--- !u!4 &1172158496095362309
Transform:
  m_ObjectHideFlags: 0
  m_CorrespondingSourceObject: {fileID: 0}
  m_PrefabInstance: {fileID: 0}
  m_PrefabAsset: {fileID: 0}
  m_GameObject: {fileID: 9204274212667139218}
  m_LocalRotation: {x: -0, y: -0, z: -0, w: 1}
  m_LocalPosition: {x: 0.13, y: 0.684, z: 0}
  m_LocalScale: {x: 1, y: 1, z: 1}
  m_Children: []
  m_Father: {fileID: 8588059366398435758}
  m_RootOrder: 2
  m_LocalEulerAnglesHint: {x: 0, y: 0, z: 0}
--- !u!212 &193647146687740286
SpriteRenderer:
  m_ObjectHideFlags: 0
  m_CorrespondingSourceObject: {fileID: 0}
  m_PrefabInstance: {fileID: 0}
  m_PrefabAsset: {fileID: 0}
  m_GameObject: {fileID: 9204274212667139218}
  m_Enabled: 1
  m_CastShadows: 0
  m_ReceiveShadows: 0
  m_DynamicOccludee: 1
  m_MotionVectors: 1
  m_LightProbeUsage: 1
  m_ReflectionProbeUsage: 1
  m_RayTracingMode: 0
  m_RayTraceProcedural: 0
  m_RenderingLayerMask: 1
  m_RendererPriority: 0
  m_Materials:
  - {fileID: 2100000, guid: 719ee8054bc9ceb4ea273faa7d5ca2bf, type: 2}
  m_StaticBatchInfo:
    firstSubMesh: 0
    subMeshCount: 0
  m_StaticBatchRoot: {fileID: 0}
  m_ProbeAnchor: {fileID: 0}
  m_LightProbeVolumeOverride: {fileID: 0}
  m_ScaleInLightmap: 1
  m_ReceiveGI: 1
  m_PreserveUVs: 0
  m_IgnoreNormalsForChartDetection: 0
  m_ImportantGI: 0
  m_StitchLightmapSeams: 1
  m_SelectedEditorRenderState: 0
  m_MinimumChartSize: 4
  m_AutoUVMaxDistance: 0.5
  m_AutoUVMaxAngle: 89
  m_LightmapParameters: {fileID: 0}
  m_SortingLayerID: 0
  m_SortingLayer: 0
  m_SortingOrder: 6
  m_Sprite: {fileID: 21300000, guid: 1d0336c003c6da94292ab933d2d74a63, type: 3}
  m_Color: {r: 1, g: 1, b: 1, a: 1}
  m_FlipX: 0
  m_FlipY: 0
  m_DrawMode: 0
  m_Size: {x: 0.37, y: 0.45}
  m_AdaptiveModeThreshold: 0.5
  m_SpriteTileMode: 0
  m_WasSpriteAssigned: 1
  m_MaskInteraction: 0
  m_SpriteSortPoint: 0
--- !u!114 &8997634131228671609
MonoBehaviour:
  m_ObjectHideFlags: 0
  m_CorrespondingSourceObject: {fileID: 0}
  m_PrefabInstance: {fileID: 0}
  m_PrefabAsset: {fileID: 0}
  m_GameObject: {fileID: 9204274212667139218}
  m_Enabled: 1
  m_EditorHideFlags: 0
  m_Script: {fileID: 11500000, guid: ac2fa18782797b44cb9b1e0c40135f2d, type: 3}
  m_Name: 
  m_EditorClassIdentifier: 
  renderer: {fileID: 193647146687740286}
  animator: {fileID: 6902413762798637809}
  attackPoint: {fileID: 1172158496095362309}
--- !u!95 &6902413762798637809
Animator:
  serializedVersion: 3
  m_ObjectHideFlags: 0
  m_CorrespondingSourceObject: {fileID: 0}
  m_PrefabInstance: {fileID: 0}
  m_PrefabAsset: {fileID: 0}
  m_GameObject: {fileID: 9204274212667139218}
  m_Enabled: 1
  m_Avatar: {fileID: 0}
  m_Controller: {fileID: 22100000, guid: 0df5d963e9f9e95469fcc43516c392c5, type: 2}
  m_CullingMode: 0
  m_UpdateMode: 0
  m_ApplyRootMotion: 0
  m_LinearVelocityBlending: 0
  m_WarningMessage: 
  m_HasTransformHierarchy: 1
  m_AllowConstantClipSamplingOptimization: 1
  m_KeepAnimatorControllerStateOnDisable: 0
--- !u!1001 &2386586315877856147
PrefabInstance:
  m_ObjectHideFlags: 0
  serializedVersion: 2
  m_Modification:
    m_TransformParent: {fileID: 6893136764491154736}
    m_Modifications:
    - target: {fileID: 76333142458120119, guid: aeadf62af9705c344a7f11a8904ac21e, type: 3}
      propertyPath: m_Name
      value: PhysicsAttackSystem
      objectReference: {fileID: 0}
    - target: {fileID: 76333142458120119, guid: aeadf62af9705c344a7f11a8904ac21e, type: 3}
      propertyPath: m_Layer
      value: 10
      objectReference: {fileID: 0}
    - target: {fileID: 5557674373861649420, guid: aeadf62af9705c344a7f11a8904ac21e, type: 3}
      propertyPath: m_RootOrder
      value: 2
      objectReference: {fileID: 0}
    - target: {fileID: 5557674373861649420, guid: aeadf62af9705c344a7f11a8904ac21e, type: 3}
      propertyPath: m_LocalPosition.x
      value: 0
      objectReference: {fileID: 0}
    - target: {fileID: 5557674373861649420, guid: aeadf62af9705c344a7f11a8904ac21e, type: 3}
      propertyPath: m_LocalPosition.y
      value: 0
      objectReference: {fileID: 0}
    - target: {fileID: 5557674373861649420, guid: aeadf62af9705c344a7f11a8904ac21e, type: 3}
      propertyPath: m_LocalPosition.z
      value: 0
      objectReference: {fileID: 0}
    - target: {fileID: 5557674373861649420, guid: aeadf62af9705c344a7f11a8904ac21e, type: 3}
      propertyPath: m_LocalRotation.w
      value: 1
      objectReference: {fileID: 0}
    - target: {fileID: 5557674373861649420, guid: aeadf62af9705c344a7f11a8904ac21e, type: 3}
      propertyPath: m_LocalRotation.x
      value: 0
      objectReference: {fileID: 0}
    - target: {fileID: 5557674373861649420, guid: aeadf62af9705c344a7f11a8904ac21e, type: 3}
      propertyPath: m_LocalRotation.y
      value: 0
      objectReference: {fileID: 0}
    - target: {fileID: 5557674373861649420, guid: aeadf62af9705c344a7f11a8904ac21e, type: 3}
      propertyPath: m_LocalRotation.z
      value: 0
      objectReference: {fileID: 0}
    - target: {fileID: 5557674373861649420, guid: aeadf62af9705c344a7f11a8904ac21e, type: 3}
      propertyPath: m_LocalEulerAnglesHint.x
      value: 0
      objectReference: {fileID: 0}
    - target: {fileID: 5557674373861649420, guid: aeadf62af9705c344a7f11a8904ac21e, type: 3}
      propertyPath: m_LocalEulerAnglesHint.y
      value: 0
      objectReference: {fileID: 0}
    - target: {fileID: 5557674373861649420, guid: aeadf62af9705c344a7f11a8904ac21e, type: 3}
      propertyPath: m_LocalEulerAnglesHint.z
      value: 0
      objectReference: {fileID: 0}
    - target: {fileID: 6389719477775687981, guid: aeadf62af9705c344a7f11a8904ac21e, type: 3}
      propertyPath: m_SortingOrder
      value: 15
      objectReference: {fileID: 0}
    - target: {fileID: 7583276188321170951, guid: aeadf62af9705c344a7f11a8904ac21e, type: 3}
      propertyPath: attackReducer
      value: 
      objectReference: {fileID: 5230969222354286605}
    - target: {fileID: 7583276188321170951, guid: aeadf62af9705c344a7f11a8904ac21e, type: 3}
      propertyPath: attackSpeed.data.minValue
      value: 1
      objectReference: {fileID: 0}
    - target: {fileID: 7583276188321170951, guid: aeadf62af9705c344a7f11a8904ac21e, type: 3}
      propertyPath: attackSpeed.data.coreValue
      value: 5
      objectReference: {fileID: 0}
    - target: {fileID: 7583276188321170951, guid: aeadf62af9705c344a7f11a8904ac21e, type: 3}
      propertyPath: attackSpeed.data.multiplier
      value: 1
      objectReference: {fileID: 0}
    - target: {fileID: 7583276188321170951, guid: aeadf62af9705c344a7f11a8904ac21e, type: 3}
      propertyPath: bulletData.maxDamage.coreValue
      value: 25
      objectReference: {fileID: 0}
    - target: {fileID: 7583276188321170951, guid: aeadf62af9705c344a7f11a8904ac21e, type: 3}
      propertyPath: bulletData.minDamage.coreValue
      value: 20
      objectReference: {fileID: 0}
    - target: {fileID: 7583276188321170951, guid: aeadf62af9705c344a7f11a8904ac21e, type: 3}
      propertyPath: attackSpeed.upgrades.Array.size
      value: 2
      objectReference: {fileID: 0}
    - target: {fileID: 7583276188321170951, guid: aeadf62af9705c344a7f11a8904ac21e, type: 3}
      propertyPath: bulletData.maxDamage.currentValue
      value: 25
      objectReference: {fileID: 0}
    - target: {fileID: 7583276188321170951, guid: aeadf62af9705c344a7f11a8904ac21e, type: 3}
      propertyPath: bulletData.minDamage.currentValue
      value: 20
      objectReference: {fileID: 0}
    - target: {fileID: 7583276188321170951, guid: aeadf62af9705c344a7f11a8904ac21e, type: 3}
      propertyPath: bulletData.armorReduction.minValue
      value: 40
      objectReference: {fileID: 0}
    - target: {fileID: 7583276188321170951, guid: aeadf62af9705c344a7f11a8904ac21e, type: 3}
      propertyPath: bulletData.maxDamage.data.minValue
      value: 2
      objectReference: {fileID: 0}
    - target: {fileID: 7583276188321170951, guid: aeadf62af9705c344a7f11a8904ac21e, type: 3}
      propertyPath: bulletData.minDamage.data.minValue
      value: 2
      objectReference: {fileID: 0}
    - target: {fileID: 7583276188321170951, guid: aeadf62af9705c344a7f11a8904ac21e, type: 3}
      propertyPath: singleAttackDamaging.Array.data[0]
      value: 0.5
      objectReference: {fileID: 0}
    - target: {fileID: 7583276188321170951, guid: aeadf62af9705c344a7f11a8904ac21e, type: 3}
      propertyPath: singleAttackDamaging.Array.data[1]
      value: 0.6
      objectReference: {fileID: 0}
    - target: {fileID: 7583276188321170951, guid: aeadf62af9705c344a7f11a8904ac21e, type: 3}
      propertyPath: singleAttackDamaging.Array.data[2]
      value: 0.7
      objectReference: {fileID: 0}
    - target: {fileID: 7583276188321170951, guid: aeadf62af9705c344a7f11a8904ac21e, type: 3}
      propertyPath: bulletData.armorReduction.coreValue
      value: 40
      objectReference: {fileID: 0}
    - target: {fileID: 7583276188321170951, guid: aeadf62af9705c344a7f11a8904ac21e, type: 3}
      propertyPath: bulletData.maxDamage.data.coreValue
      value: 12
      objectReference: {fileID: 0}
    - target: {fileID: 7583276188321170951, guid: aeadf62af9705c344a7f11a8904ac21e, type: 3}
      propertyPath: bulletData.minDamage.data.coreValue
      value: 12
      objectReference: {fileID: 0}
    - target: {fileID: 7583276188321170951, guid: aeadf62af9705c344a7f11a8904ac21e, type: 3}
      propertyPath: bulletData.minDamage.data.multiplier
      value: 1
      objectReference: {fileID: 0}
    - target: {fileID: 7583276188321170951, guid: aeadf62af9705c344a7f11a8904ac21e, type: 3}
      propertyPath: bulletData.armorReduction.currentValue
      value: 40
      objectReference: {fileID: 0}
    - target: {fileID: 7583276188321170951, guid: aeadf62af9705c344a7f11a8904ac21e, type: 3}
      propertyPath: bulletData.armorReduction.data.minValue
      value: 8
      objectReference: {fileID: 0}
    - target: {fileID: 7583276188321170951, guid: aeadf62af9705c344a7f11a8904ac21e, type: 3}
      propertyPath: bulletData.armorReduction.data.coreValue
      value: 40
      objectReference: {fileID: 0}
    - target: {fileID: 7583276188321170951, guid: aeadf62af9705c344a7f11a8904ac21e, type: 3}
      propertyPath: bulletData.maxDamage.upgrades.Array.size
      value: 2
      objectReference: {fileID: 0}
    - target: {fileID: 7583276188321170951, guid: aeadf62af9705c344a7f11a8904ac21e, type: 3}
      propertyPath: bulletData.minDamage.upgrades.Array.size
      value: 2
      objectReference: {fileID: 0}
    - target: {fileID: 7583276188321170951, guid: aeadf62af9705c344a7f11a8904ac21e, type: 3}
      propertyPath: attackSpeed.upgrades.Array.data[0].minValue
      value: 1
      objectReference: {fileID: 0}
    - target: {fileID: 7583276188321170951, guid: aeadf62af9705c344a7f11a8904ac21e, type: 3}
      propertyPath: attackSpeed.upgrades.Array.data[1].minValue
      value: 1
      objectReference: {fileID: 0}
    - target: {fileID: 7583276188321170951, guid: aeadf62af9705c344a7f11a8904ac21e, type: 3}
      propertyPath: attackSpeed.upgrades.Array.data[0].coreValue
      value: 6
      objectReference: {fileID: 0}
    - target: {fileID: 7583276188321170951, guid: aeadf62af9705c344a7f11a8904ac21e, type: 3}
      propertyPath: attackSpeed.upgrades.Array.data[1].coreValue
      value: 7
      objectReference: {fileID: 0}
    - target: {fileID: 7583276188321170951, guid: aeadf62af9705c344a7f11a8904ac21e, type: 3}
      propertyPath: attackSpeed.upgrades.Array.data[0].multiplier
      value: 1
      objectReference: {fileID: 0}
    - target: {fileID: 7583276188321170951, guid: aeadf62af9705c344a7f11a8904ac21e, type: 3}
      propertyPath: attackSpeed.upgrades.Array.data[1].multiplier
      value: 1
      objectReference: {fileID: 0}
    - target: {fileID: 7583276188321170951, guid: aeadf62af9705c344a7f11a8904ac21e, type: 3}
      propertyPath: bulletData.armorReduction.upgrades.Array.size
      value: 2
      objectReference: {fileID: 0}
    - target: {fileID: 7583276188321170951, guid: aeadf62af9705c344a7f11a8904ac21e, type: 3}
      propertyPath: bulletData.maxDamage.upgrades.Array.data[0].minValue
      value: 3
      objectReference: {fileID: 0}
    - target: {fileID: 7583276188321170951, guid: aeadf62af9705c344a7f11a8904ac21e, type: 3}
      propertyPath: bulletData.maxDamage.upgrades.Array.data[1].minValue
      value: 4
      objectReference: {fileID: 0}
    - target: {fileID: 7583276188321170951, guid: aeadf62af9705c344a7f11a8904ac21e, type: 3}
      propertyPath: bulletData.minDamage.upgrades.Array.data[0].minValue
      value: 3
      objectReference: {fileID: 0}
    - target: {fileID: 7583276188321170951, guid: aeadf62af9705c344a7f11a8904ac21e, type: 3}
      propertyPath: bulletData.minDamage.upgrades.Array.data[1].minValue
      value: 4
      objectReference: {fileID: 0}
    - target: {fileID: 7583276188321170951, guid: aeadf62af9705c344a7f11a8904ac21e, type: 3}
      propertyPath: bulletData.maxDamage.upgrades.Array.data[0].coreValue
      value: 18
      objectReference: {fileID: 0}
    - target: {fileID: 7583276188321170951, guid: aeadf62af9705c344a7f11a8904ac21e, type: 3}
      propertyPath: bulletData.maxDamage.upgrades.Array.data[1].coreValue
      value: 12
      objectReference: {fileID: 0}
    - target: {fileID: 7583276188321170951, guid: aeadf62af9705c344a7f11a8904ac21e, type: 3}
      propertyPath: bulletData.minDamage.upgrades.Array.data[0].coreValue
      value: 18
      objectReference: {fileID: 0}
    - target: {fileID: 7583276188321170951, guid: aeadf62af9705c344a7f11a8904ac21e, type: 3}
      propertyPath: bulletData.minDamage.upgrades.Array.data[1].coreValue
      value: 12
      objectReference: {fileID: 0}
    - target: {fileID: 7583276188321170951, guid: aeadf62af9705c344a7f11a8904ac21e, type: 3}
      propertyPath: bulletData.armorReduction.upgrades.Array.data[0].minValue
      value: 12
      objectReference: {fileID: 0}
    - target: {fileID: 7583276188321170951, guid: aeadf62af9705c344a7f11a8904ac21e, type: 3}
      propertyPath: bulletData.armorReduction.upgrades.Array.data[1].minValue
      value: 16
      objectReference: {fileID: 0}
    - target: {fileID: 7583276188321170951, guid: aeadf62af9705c344a7f11a8904ac21e, type: 3}
      propertyPath: bulletData.armorReduction.upgrades.Array.data[0].coreValue
      value: 60
      objectReference: {fileID: 0}
    - target: {fileID: 7583276188321170951, guid: aeadf62af9705c344a7f11a8904ac21e, type: 3}
      propertyPath: bulletData.armorReduction.upgrades.Array.data[1].coreValue
      value: 80
      objectReference: {fileID: 0}
    - target: {fileID: 7615894116146732886, guid: aeadf62af9705c344a7f11a8904ac21e, type: 3}
      propertyPath: m_Layer
      value: 10
      objectReference: {fileID: 0}
    - target: {fileID: 7615894116146732886, guid: aeadf62af9705c344a7f11a8904ac21e, type: 3}
      propertyPath: m_IsActive
      value: 0
      objectReference: {fileID: 0}
    m_RemovedComponents: []
  m_SourcePrefab: {fileID: 100100000, guid: aeadf62af9705c344a7f11a8904ac21e, type: 3}
--- !u!114 &5198260215605818772 stripped
MonoBehaviour:
  m_CorrespondingSourceObject: {fileID: 7583276188321170951, guid: aeadf62af9705c344a7f11a8904ac21e, type: 3}
  m_PrefabInstance: {fileID: 2386586315877856147}
  m_PrefabAsset: {fileID: 0}
  m_GameObject: {fileID: 2310886515212485668}
  m_Enabled: 1
  m_EditorHideFlags: 0
  m_Script: {fileID: 11500000, guid: ba4bc7685de95044ca4ea40efbf7e6b6, type: 3}
  m_Name: 
  m_EditorClassIdentifier: 
--- !u!4 &7799681472891559839 stripped
Transform:
  m_CorrespondingSourceObject: {fileID: 5557674373861649420, guid: aeadf62af9705c344a7f11a8904ac21e, type: 3}
  m_PrefabInstance: {fileID: 2386586315877856147}
  m_PrefabAsset: {fileID: 0}
--- !u!1 &2310886515212485668 stripped
GameObject:
  m_CorrespondingSourceObject: {fileID: 76333142458120119, guid: aeadf62af9705c344a7f11a8904ac21e, type: 3}
  m_PrefabInstance: {fileID: 2386586315877856147}
  m_PrefabAsset: {fileID: 0}
--- !u!1001 &3621476216081846643
PrefabInstance:
  m_ObjectHideFlags: 0
  serializedVersion: 2
  m_Modification:
    m_TransformParent: {fileID: 6893136764491154736}
    m_Modifications:
    - target: {fileID: 67539307030874428, guid: b04592940c6fa2b49b63441b2d91032b, type: 3}
      propertyPath: m_RootOrder
      value: 6
      objectReference: {fileID: 0}
    - target: {fileID: 67539307030874428, guid: b04592940c6fa2b49b63441b2d91032b, type: 3}
      propertyPath: m_LocalScale.x
      value: 1.2
      objectReference: {fileID: 0}
    - target: {fileID: 67539307030874428, guid: b04592940c6fa2b49b63441b2d91032b, type: 3}
      propertyPath: m_LocalScale.y
      value: 1.2
      objectReference: {fileID: 0}
    - target: {fileID: 67539307030874428, guid: b04592940c6fa2b49b63441b2d91032b, type: 3}
      propertyPath: m_LocalPosition.x
      value: 0
      objectReference: {fileID: 0}
    - target: {fileID: 67539307030874428, guid: b04592940c6fa2b49b63441b2d91032b, type: 3}
      propertyPath: m_LocalPosition.y
      value: 0
      objectReference: {fileID: 0}
    - target: {fileID: 67539307030874428, guid: b04592940c6fa2b49b63441b2d91032b, type: 3}
      propertyPath: m_LocalPosition.z
      value: 0
      objectReference: {fileID: 0}
    - target: {fileID: 67539307030874428, guid: b04592940c6fa2b49b63441b2d91032b, type: 3}
      propertyPath: m_LocalRotation.w
      value: 1
      objectReference: {fileID: 0}
    - target: {fileID: 67539307030874428, guid: b04592940c6fa2b49b63441b2d91032b, type: 3}
      propertyPath: m_LocalRotation.x
      value: 0
      objectReference: {fileID: 0}
    - target: {fileID: 67539307030874428, guid: b04592940c6fa2b49b63441b2d91032b, type: 3}
      propertyPath: m_LocalRotation.y
      value: 0
      objectReference: {fileID: 0}
    - target: {fileID: 67539307030874428, guid: b04592940c6fa2b49b63441b2d91032b, type: 3}
      propertyPath: m_LocalRotation.z
      value: 0
      objectReference: {fileID: 0}
    - target: {fileID: 67539307030874428, guid: b04592940c6fa2b49b63441b2d91032b, type: 3}
      propertyPath: m_LocalEulerAnglesHint.x
      value: 0
      objectReference: {fileID: 0}
    - target: {fileID: 67539307030874428, guid: b04592940c6fa2b49b63441b2d91032b, type: 3}
      propertyPath: m_LocalEulerAnglesHint.y
      value: 0
      objectReference: {fileID: 0}
    - target: {fileID: 67539307030874428, guid: b04592940c6fa2b49b63441b2d91032b, type: 3}
      propertyPath: m_LocalEulerAnglesHint.z
      value: 0
      objectReference: {fileID: 0}
    - target: {fileID: 1215719178531091421, guid: b04592940c6fa2b49b63441b2d91032b, type: 3}
      propertyPath: m_Name
      value: EffectsController
      objectReference: {fileID: 0}
    - target: {fileID: 4361010171916730222, guid: b04592940c6fa2b49b63441b2d91032b, type: 3}
      propertyPath: m_AnchoredPosition.y
      value: 1.369
      objectReference: {fileID: 0}
    m_RemovedComponents: []
  m_SourcePrefab: {fileID: 100100000, guid: b04592940c6fa2b49b63441b2d91032b, type: 3}
--- !u!4 &3651825329823422543 stripped
Transform:
  m_CorrespondingSourceObject: {fileID: 67539307030874428, guid: b04592940c6fa2b49b63441b2d91032b, type: 3}
  m_PrefabInstance: {fileID: 3621476216081846643}
  m_PrefabAsset: {fileID: 0}
--- !u!114 &3002345781518279118 stripped
MonoBehaviour:
  m_CorrespondingSourceObject: {fileID: 2010972659094892733, guid: b04592940c6fa2b49b63441b2d91032b, type: 3}
  m_PrefabInstance: {fileID: 3621476216081846643}
  m_PrefabAsset: {fileID: 0}
  m_GameObject: {fileID: 0}
  m_Enabled: 1
  m_EditorHideFlags: 0
  m_Script: {fileID: 11500000, guid: 64fae8ebb9ded4448838796f7180c47e, type: 3}
  m_Name: 
  m_EditorClassIdentifier: 
--- !u!223 &1181426455125207488 stripped
Canvas:
  m_CorrespondingSourceObject: {fileID: 2461028594276186291, guid: b04592940c6fa2b49b63441b2d91032b, type: 3}
  m_PrefabInstance: {fileID: 3621476216081846643}
  m_PrefabAsset: {fileID: 0}
